4390 6198
198 241 254 296 849
580 238 628 292 DE
648 235 875 294 ttttrottstottz
891 235 993 292 tcttts
1013 233 1118 290 (ΗΒΕΑ
1140 231 1399 288 successtones
1707 231 1761 284 edu

153 339 267 394 dnntnrr
283 333 359 407 quod
378 333 486 401 aeetdtt,
503 334 526 387 ei
544 333 666 404 coniuges
683 332 797 385 exclusis
813 332 964 386 colbrtereli·
1011 330 1115 403 cipneru
1135 330 1248 396 bebeet,
1267 339 1291 382 ιι
1311 330 1368 397 jure
1388 325 1541 382 retorsionie
1558 328 1661 398 plenam
1683 328 1827 396 geradam,

150 425 199 476 bus
218 421 270 474 sibi
291 422 403 476 inuicem
425 419 475 471 soli
492 419 650 472 succedunt.
667 418 741 469 'l'uoc
758 418 830 471 enim
851 417 913 470 baec
927 415 965 469 ci·
1013 424 1042 469 ιι
1060 431 1122 470 mox
1141 417 1219 468 letius
1238 413 1403 479 deducemus,
1420 415 1593 484 praetendere
1613 425 1744 483 nequest.
1765 417 1825 486 Quo

149 509 216 560 ritas
236 506 264 558 iu
285 505 356 556 iliam
376 519 429 554 noo
447 505 507 570 jure
523 501 614 564 cirili,
633 499 678 553 eed
692 501 831 553 etetnterio
844 499 901 565 iure
914 499 967 550 ini·
1014 517 1101 554 rerunt
1121 511 1187 554 stetu
1203 494 1306 550 inficias
1336 497 1377 549 ire
1405 507 1537 567 nequeunt
1567 495 1753 565 meginratus,
1782 497 1829 567 qui

145 608 197 659 quo
215 589 316 651 utitur,
334 604 385 656 quo
403 595 535 654 receptans
554 583 676 652 gerulam
708 581 884 634 haereditario
910 583 967 647 jure
1012 581 1079 638 bero
1097 600 1143 637 nto
1162 575 1199 635 i'ta
1218 581 1369 653 prospicere
1387 582 1487 645 solent,
1514 581 1583 650 quod
1602 579 1704 634 civibus
1726 578 1782 633 suis
1798 597 1829 634 eo

146 689 198 726 trun
217 669 359 724 retribuit.
377 666 454 720 Unde
472 678 498 719 et
517 665 593 732 trojm
610 663 687 729 citis,
706 673 831 730 cognate,
849 663 882 714 eb
903 664 966 714 alte·
1015 669 1104 720 minue
1123 667 1404 736 benigueeoueulan13
1423 681 1483 716 cum
1502 681 1535 716 ex
1555 663 1604 716 bon
1623 663 1680 734 ipso
1703 665 1760 732 jure
1789 666 1832 717 in·

149 774 178 810 ra
197 757 226 807 in
244 753 329 806 simili
341 771 420 817 caen,
439 751 542 822 qnando
563 750 657 802 mulier
675 747 796 802 defuncta
816 764 897 816 aeque
916 763 969 799 me·
1018 747 1139 802 troducto
1158 749 1252 818 iniquo
1270 757 1295 800 et
1312 746 1394 812 duro,
1421 747 1559 799 extreneis
1585 747 1681 813 juetam
1712 745 1834 799 retorsio-
1928 793 1934 806 ,

148 841 233 891 ritum
252 849 279 890 et
296 837 458 890 collaterales
478 833 599 887 haeredes
618 842 644 886 et
662 844 782 900 urguetur
809 831 968 901 reliquerit,
1016 837 1059 888 nis
1076 851 1179 888 ceueem
1198 844 1287 888 contre
1307 849 1366 885 suos
1383 834 1453 884 circe
1471 829 1648 900 suppeditent.

153 925 209 988 jure
228 921 383 976 retoreiunis
400 940 415 971 ι
434 919 561 989 petitione
579 915 689 986 peradae
712 914 870 981 remouendi
894 914 970 967 erit.
1051 917 1105 970 Nae
1122 918 1228 980 aberat,
1246 913 1315 985 quod
1333 914 1530 976 discendentes,
1548 911 1594 983 qui
1614 925 1689 964 urum
1709 906 1831 962 retorsio·
1851 903 1887 958 ld

99 1025 133 1076 pp
155 1006 257 1058 Deinde
275 1006 356 1058 etiam
376 1021 409 1056 ex
428 1005 469 1055 bie
488 1019 534 1066 ee,
553 1018 619 1071 ques
638 999 665 1050 itt
682 1013 738 1068 ιιι».
758 998 793 1051 ΙΙ.
811 1016 838 1051 ιι.
857 997 900 1048 ld.
929 1015 969 1051 ee·
1019 1001 1061 1054 nis
1080 1001 1124 1054 bio
1143 1019 1195 1053 non
1214 1000 1362 1063 admittunt,
1384 999 1461 1051 nubis
1480 1007 1621 1063 regerem,
1641 1003 1670 1047 ul
1683 993 1834 1063 Vispillo.

152 1092 292 1156 seraimus,
309 1085 508 1148 confirmentur,
525 1087 593 1158 quod
612 1101 707 1154 nernpe
725 1100 757 1136 ex
776 1083 863 1136 literis
883 1099 969 1136 reter-
1017 1090 1098 1157 giret.
1116 1099 1218 1157 quaest.
1238 1087 1281 1138 3³.
1300 1095 1326 1136 ιι
1340 1085 1441 1136 flerrm.
1457 1079 1554 1134 Pistor.
1566 1080 1621 1133 obe.
1633 1077 1676 1131 dd.
1690 1078 1743 1149 (1.)
1757 1077 1834 1147 Quod

153 1176 254 1228 eelilme
273 1191 324 1226 non
344 1177 400 1240 jure
419 1173 517 1226 eaacttr
537 1171 606 1222 nileil
633 1172 693 1222 nori
711 1185 742 1220 ae
768 1167 853 1236 iniqui
879 1179 971 1220 corrtra
1020 1173 1133 1227 perorato
1151 1171 1179 1222 iu
1198 1185 1290 1223 eorum
1307 1169 1399 1220 ortium
1418 1162 1643 1228 introductam,
1668 1165 1715 1232 qui
1743 1174 1833 1216 contra

152 1260 194 1325 jus
213 1258 380 1310 statuterium
398 1256 541 1320 diuersum,
555 1273 607 1308 nou
621 1265 706 1307 ιιιιιιι
719 1253 840 1324 iniquum
852 1251 971 1304 obtineri
1018 1256 1086 1325 juris
1103 1254 1250 1308 communis
1269 1252 1369 1322 regulas
1389 1249 1448 1304 nori
1475 1249 1578 1319 aliquid
1608 1261 1748 1318 perperam
1779 1253 1835 1298 ete·

157 1343 257 1409 possit.
1017 1349 1107 1402 runata
1126 1349 1254 1391 statutum
1273 1346 1361 1389 eutem
1382 1337 1503 1387 minuens
1521 1332 1653 1403 geradaru,
1673 1340 1774 1383 tantum
1789 1327 1836 1382 elt-

14 1481 15 1488 χ
99 1417 131 1468 41
188 1423 265 1476 Nunc
282 1427 392 1476 elterem
412 1439 517 1491 quoqne
534 1438 585 1475 non
600 1423 688 1472 eniuus
705 1418 837 1490 spinosam
855 1429 882 1472 et
900 1419 990 1470 inter·
1017 1434 1072 1486 est,
1091 1432 1118 1475 ut
1135 1419 1284 1489 iniquitatis
1302 1419 1375 1487 argui
1396 1419 1491 1488 possit,
1510 1429 1536 1472 ut
1555 1417 1643 1486 potine
1660 1415 1830 1483 iniquitatem

152 1507 197 1562 dd.
216 1518 333 1561 vexatam
352 1507 569 1566 eorrrrorerstau,
587 1521 664 1574 quem
684 1503 789 1571 quidem
809 1517 840 1554 ιι
856 1502 972 1572 perteeb
1016 1505 1084 1572 juris
1101 1503 1222 1558 saxonici
1246 1503 1278 1556 nd
1302 1503 1460 1571 aequitatem
1479 1501 1606 1563 reducetr
1625 1496 1685 1567 quia
1706 1495 1769 1549 eatis
1787 1493 1837 1549 du·

152 1591 233 1643 initio
250 1593 302 1659 jam
322 1591 464 1660 tetigimus,
483 1605 638 1659 componere
655 1585 876 1642 allaborebimus:
898 1589 968 1640 iilum
1018 1603 1076 1638 rum
1097 1585 1215 1652 ridetur,
1233 1587 1262 1638 in
1281 1584 1489 1640 successionibus
1517 1582 1600 1652 magis
1625 1579 1711 1634 lesere
1741 1579 1837 1632 inerni-

143 1675 196 1746 jus
214 1675 376 1728 retrusionis
394 1671 447 1726 rtur·
462 1673 550 1726 locum
569 1668 695 1733 vindicet,
716 1672 743 1722 ri
758 1680 858 1724 statuto
878 1673 971 1740 quood
1019 1672 1061 1724 ttie
1072 1706 1081 1733 ,
1100 1687 1178 1740 quem
1198 1671 1279 1735 viris,
1299 1668 1443 1738 'lboming⁸
1461 1664 1517 1720 dec·
1537 1666 1580 1717 26.
1600 1681 1628 1718 ts·
1648 1665 1674 1716 2.
1693 1661 1727 1716 Et
1742 1697 1749 1728 ,
1764 1663 1836 1733 quod

151 1759 252 1828 speeies
271 1761 308 1813 ud
323 1759 455 1828 gerendum
472 1755 636 1823 pertinentes
655 1755 822 1824 discrepent,
847 1764 875 1805 ιι
890 1755 971 1822 firrte
1019 1763 1124 1823 putent,
1144 1753 1187 1825 (2)
1205 1753 1232 1805 id
1253 1753 1281 1806 in
1299 1752 1412 1805 alteriue
1438 1749 1553 1802 ciuitatis
1578 1748 1669 1802 odium
1694 1757 1739 1800 eut
1767 1745 1838 1800 iarn·

148 1843 182 1892 ιἰι
202 1861 257 1895 uno
275 1841 438 1910 locupletia
456 1841 569 1910 perndo,
587 1837 616 1892 in
636 1839 798 1891 citerorum
815 1837 968 1908 minurple·
1018 1853 1074 1890 reru
1094 1855 1147 1890 nou
1167 1837 1302 1891 inductum
1321 1851 1399 1901 esse,
1416 1835 1484 1904 qnod
1505 1832 1606 1885 civibus
1631 1841 1658 1884 el
1686 1829 1837 1900 peregrinis

152 1943 189 1978 ne
207 1944 256 1980 een
281 1925 476 1999 niffrelgerndu
495 1927 670 1994 receptorii:
692 1923 733 1977 ito
751 1933 782 1978 ur
799 1923 898 1994 species
926 1924 969 1976 ‹ia-
1018 1937 1157 1974 commune
1175 1930 1232 1989 est,
1251 1929 1277 1972 et
1293 1936 1345 1989 quo
1362 1921 1422 1989 quis
1442 1919 1473 1970 iu
1493 1919 1550 1972 loco
1570 1913 1708 1969 succedens
1726 1925 1835 1970 routen-

145 2009 274 2079 fieienree
292 2012 426 2074 retineri,
445 2027 478 2064 ιι
502 2027 563 2062 rum
586 2009 668 2079 pleno
691 2009 794 2076 gurda
820 2007 973 2077 retorqueri
1019 2011 1060 2054 ιιι
1079 2021 1136 2056 ease
1152 2003 1246 2058 debet·
1267 2001 1316 2056 Cui
1335 2003 1424 2056 adbuc
1442 1999 1494 2071 (3.)
1512 1995 1651 2065 suffragari
1670 1997 1773 2048 ridetur
1791 2012 1836 2049 ro·

151 2095 262 2166 possint.
281 2097 362 2150 Caene
379 2112 457 2166 quam
477 2096 592 2146 maxime
608 2093 795 2145 discernendos
814 2108 890 2161 serpe
909 2109 970 2144 corr·
1018 2085 1104 2140 lurttes
1123 2087 1281 2154 deiunctae,
1300 2103 1367 2158 quae
1384 2085 1417 2140 ab
1442 2087 1569 2138 intestato
1595 2080 1739 2144 «decedens,
1769 2079 1837 2132 butte

151 2181 291 2245 tuarum,
308 2191 337 2233 ut
355 2182 442 2233 nentri
463 2179 623 2248 simpliciter
642 2179 811 2231 aarenmtum
827 2179 893 2248 parti
908 2179 968 2230 snb·
1019 2187 1062 2223 ena
1082 2172 1224 2224 secuudum
1244 2181 1339 2224 statuta
1358 2171 1430 2234 bei,
1450 2159 1494 2220 obi
1514 2183 1542 2218 ιι
1560 2166 1611 2218 site
1630 2172 1701 2228 eunt,
1720 2159 1752 2215 ad
1774 2176 1833 2233 pro·

103 2282 139 2338 12
158 2267 273 2319 scribere
292 2266 438 2335 possimus.
456 2262 522 2315 Cum
541 2263 614 2314 enim
633 2263 673 2328 jus
692 2263 844 2314 retorsiouia
868 2271 968 2313 tantum
1017 2254 1103 2307 sirn'os
1123 2255 1246 2310 haeredes
1271 2255 1454 2311 transmittere
1479 2252 1613 2314 soluisse,
1637 2239 1838 2319 praesumitur,

155 2350 320 2416 iniquitatem
340 2346 515 2406 etdamnum,
534 2351 555 2398 el
575 2345 644 2411 quod
664 2343 691 2394 iu
711 2342 967 2396 elteremeieitatem
1018 2342 1080 2394 le.
1091 2341 1134 2409 ff.
1153 2341 1263 2413 dejure
1279 2339 1395 2393 codicill.
1426 2337 1580 2405 Exindeque
1599 2332 1668 2384 nibil
1694 2331 1718 2384 ei
1749 2333 1832 2401 impu·

153 2427 669 2489 esdieresoelterinsiureredundat,
689 2427 808 2478 emedio
828 2429 971 2491 toliere,et
1017 2424 1123 2478 tendum
1143 2427 1192 2490 sit,
1217 2425 1262 2495 qui
1294 2435 1486 2496 praesumptam
1519 2424 1678 2478 voluntatem
1710 2427 1832 2481 secutos,

151 2514 250 2581 juetam
271 2517 454 2587 eeqtraiitstem
474 2527 498 2566 et
520 2515 717 2586 proportionem
744 2513 910 2567 introducere
929 2517 968 2569 in·
1016 2515 1084 2582 juris
1102 2516 1275 2585 dispositione
1294 2513 1391 2566 utitur.
1418 2515 1492 2582 Virg.
1511 2507 1741 2579 Pingieerunlld.
1760 2525 1788 2559 ιι.
1807 2505 1833 2558 9.

155 2599 260 2663 leudet3
281 2601 359 2652 uobis
380 2600 442 2651 binc
462 2599 558 2650 iterum
580 2599 647 2651 ratio
666 2595 846 2651 distinotionis
862 2601 915 2667 jam
928 2615 968 2651 su·
1016 2600 1082 2652 Nam
1102 2599 1149 2670 (l.)
1166 2601 1236 2669 quud
1256 2597 1412 2661 concernit,
1432 2595 1472 2661 lue
1491 2595 1642 2648 eesunicunt
1663 2601 1783 2663 respectu
1803 2591 1834 2646 il·
1854 2621 1889 2674 ω

152 2699 200 2752 pra
218 2685 313 2737 ellatee
332 2683 449 2736 habenda
468 2687 535 2747 eritr
560 2696 647 2737 utrum
672 2686 771 2753 relique
797 2685 969 2756 bona,quae
1015 2683 1098 2736 larum
1117 2686 1251 2738 ciuitatum
1271 2685 1322 2736 iato
1339 2683 1396 2748 jure
1420 2682 1551 2735 uicarium
1581 2695 1609 2731 se
1640 2675 1717 2728 babet
1748 2677 1833 2729 instar

150 2767 221 2825 eliae
239 2769 271 2820 ed
293 2770 394 2838 plenem
414 2771 534 2838 geratlam
553 2770 686 2841 pertinent
703 2780 731 2822 et
759 2769 967 2838 transferuutur,
1015 2769 1081 2836 juris
1099 2771 1259 2822 communies
1277 2768 1323 2820 dn.
1342 2771 1430 2822 strar.
1454 2764 1501 2818 nil.
1524 2762 1542 2816 Ι.
1567 2761 1593 2814 d·
1621 2759 1663 2812 24.
1683 2777 1710 2812 n.
1730 2758 1756 2811 b
1773 2775 1833 2811 0⁰¹ss

156 2861 263 2920 propter
283 2851 640 2922 receptam'nifftelqerrdenr
660 2869 719 2906 sero
737 2869 781 2906 sco
802 2855 889 2908 miuus
913 2857 966 2924 pie·
1017 2853 1135 2920 ellegetie
1155 2852 1241 2905 Prnek
1268 2869 1297 2904 o.
1316 2855 1342 2906 1.
1360 2865 1434 2904 conr.
1453 2851 1497 2902 dl.
1523 2869 1549 2902 rr.
1575 2849 1600 2902 2
1629 2845 1776 2900 Gotdbeet.
1800 2842 1834 2898 de

156 2947 216 2984 nero
237 2951 288 2984 non
309 2938 356 2984 sols
377 2937 424 2987 hoc
445 2937 522 2986 titulo
543 2939 626 3008 recipi
646 2939 682 2990 ite
708 2949 835 3008 possunt,
869 2941 969 3008 reliquo
1009 2935 1209 3007 jungerodue
1227 2955 1286 3006 cup.
1304 2937 1328 2989 2.
1348 2955 1377 2990 rr.
1398 2937 1439 2987 tu.
1459 2933 1513 2988 Μ.
1531 2933 1560 2987 in
1580 2933 1597 2984 l.
1623 2947 1719 2986 ornnes
1741 2927 1835 3002 populi

154 3015 209 3080 jure
230 3017 407 3070 haereditario
426 3020 598 3088 recipiantur,
624 3039 673 3074 nec
700 3039 747 3073 ne.
780 3022 839 3076 Non
865 3026 968 3093 priori,
1007 3017 1049 3086 ff.
1066 3021 1099 3072 de
1116 3019 1135 3073 i.
1152 3031 1178 3072 et
1188 3039 1214 3092 1
1233 3021 1309 3075 Unde
1328 3023 1349 3073 ti
1368 3038 1435 3093 quae
1453 3021 1557 3073 illarum
1578 3017 1713 3071 ciriteturtt
1739 3021 1830 3066 conlra

153 3099 198 3148 sed
219 3101 357 3169 posteriori
375 3119 435 3154 ceeu
454 3105 539 3154 locum
558 3106 696 3157 retorsioni
715 3107 897 3176 relinquimus.
918 3109 970 3160 iiic
1016 3105 1057 3170 jus
1074 3105 1227 3158 senonicum
1247 3105 1355 3172 statuit,
1372 3117 1465 3158 contra
1482 3107 1523 3173 jus
1547 3117 1707 3165 commune,
1733 3112 1758 3154 et
1781 3102 1833 3153 isin

155 3196 217 3234 erro
237 3183 322 3238 denuo
341 3185 446 3251 recidit,
463 3185 567 3255 quando
586 3188 680 3239 mulier
698 3186 820 3240 deiuncte
842 3191 966 3241 maritum
1018 3205 1163 3259 respectu,
1183 3210 1278 3246 notum
1297 3212 1326 3246 ee
1344 3193 1464 3264 iniquum
1491 3197 1533 3262 jue
1558 3193 1664 3254 statuit,
1689 3203 1715 3244 et
1740 3204 1834 3242 conse·

155 3268 314 3336 reliquerit,
332 3269 377 3337 qui
397 3269 425 3319 in
445 3271 544 3339 reliqna
563 3271 629 3320 bona
648 3281 754 3340 excepta
775 3269 842 3324 torte
874 3273 968 3327 oidel·
1016 3287 1126 3344 queuter
1144 3275 1282 3328 retorsioni
1303 3277 1374 3329 locus
1392 3278 1461 3331 erit.
1480 3277 1531 3328 Du.
1552 3273 1732 3330 srror.att.1.
1747 3273 1831 3326 Dein·

152 3353 248 3418 parada
268 3354 296 3403 in
314 3355 371 3421 ejus
389 3351 524 3418 latorem,
544 3365 571 3405 ut
591 3354 715 3424 inquilini
733 3355 825 3407 sellem
848 3355 968 3408 introdu·
1018 3357 1050 3410 de
1067 3359 1229 3412 considerari
1247 3359 1427 3430 debet,qnod
1451 3370 1544 3413 nostro
1570 3361 1598 3410 in
1630 3375 1690 3412 casn
1720 3357 1831 3411 retorrio

153 3445 205 3500 cta,
226 3436 360 3488 succedit.
379 3436 471 3509 Carpe.
494 3457 521 3506 p.
546 3440 572 3492 8.
599 3458 620 3494 c.
645 3441 689 3491 38.
714 3439 767 3510 ‹lqfi
793 3442 818 3494 4.
852 3442 968 3495 Βιιιίιιι.
1017 3459 1068 3494 noo
1088 3439 1134 3494 fiet
1152 3455 1241 3498 contra
1260 3447 1301 3512 jus
1319 3461 1460 3498 commune
1479 3440 1633 3510 uirilegsed
1651 3459 1729 3512 aeque
1741 3454 1831 3495 contre

149 3528 229 3586 porr.
249 3520 274 3571 3.
293 3521 380 3574 conci.
399 3523 443 3573 di·
463 3539 489 3574 n.
510 3523 553 3576 tt.
580 3525 722 3594 Thoming.
739 3523 794 3578 dec.
814 3526 857 3578 dd.
875 3545 903 3580 re.
924 3531 968 3580 11.
1017 3529 1057 3595 jus
1075 3533 1241 3582 statuterium
1262 3531 1400 3600 iniquum:
1418 3529 1507 3602 quud,
1531 3547 1589 3582 cum
1609 3528 1637 3581 io
1656 3526 1768 3582 intorem
1788 3525 1831 3582 etti

149 3600 353 3656 Fimckelthaus.
372 3607 429 3658 obs.
448 3607 493 3658 ut.
511 3623 540 3658 ιι.
559 3607 603 3660 14.
630 3609 714 3662 Strur.
742 3611 775 3663 de
798 3612 872 3664 vinei.
895 3618 969 3684 priv.
1017 3627 1115 3666 tentum
1135 3613 1209 3678 ciris,
1228 3615 1330 3668 scilicet
1347 3615 1438 3668 mariti
1457 3615 1588 3684 disponet,
1604 3613 1680 3683 eique
1698 3610 1829 3682 uilitelge·

148 3703 173 3738 c.
203 3690 245 3740 ll.
263 3707 288 3742 ι.
307 3690 350 3743 24.
368 3707 394 3741 ιι.
415 3692 441 3742 d.
471 3692 540 3760 Quis
556 3693 627 3744 euim
647 3696 690 3745 ltin
709 3712 828 3762 maguam
848 3696 966 3769 inaequa·
1018 3697 1106 3750 radam
1126 3698 1279 3752 excedentia
1299 3708 1325 3752 ιι
1343 3697 1375 3749 ed
1402 3698 1506 3770 plenem
1530 3696 1652 3767 geradem
1683 3695 1831 3766 spectantis

150 3772 454 3845 litetcrn‚elteriusque
472 3779 608 3844 ciuitatis,
633 3797 696 3849 quae
724 3782 827 3852 plenem
845 3786 966 3852 qeradam
1018 3783 1104 3847 boue,
1124 3793 1253 3852 tamquam
1275 3799 1361 3856 rernm
1382 3781 1522 3835 mobilium
1536 3779 1643 3833 haeredi
1654 3779 1702 3832 soii
1714 3777 1829 3844 eddieet,

149 3872 235 3931 penes
253 3877 280 3912 ιι
298 3860 359 3912 ιιίἰι
377 3858 488 3914 deletam
508 3880 560 3914 nort
579 3865 695 3934 recipit,
713 3863 833 3920 duriores
861 3870 968 3922 eradere
1015 3878 1151 3920 estrenens
1170 3883 1231 3920 reru
1248 3867 1291 3920 bis
1308 3866 1386 3919 bonis
1406 3867 1506 3936 priten
1527 3869 1589 3918 ltirte
1608 3863 1733 3935 aequitati
1763 3879 1827 3919 eon·

152 3957 261 4015 partes,
280 3961 332 3996 non
351 3945 552 4000 ertimedrertitr
569 3947 610 4000 cui
631 3948 727 4017 igitur,
746 3958 772 4000 et
789 3948 886 4005 damno
905 3952 967 4005 ltiuc
1015 3961 1108 4020 gruel,
1126 3968 1159 4004 ne
1178 3951 1237 4022 plue
1256 3951 1337 4003 altera
1356 3951 1450 4004 ciritae
1470 3954 1498 4003 in
1519 3951 1601 4014 iilam,
1619 3966 1685 4019 quae
1703 3949 1755 4003 isto
1771 3952 1831 4020 jure

150 4031 221 4081 eliae
239 4029 382 4096 emergenti
400 4031 604 4092 occurrendum,
622 4041 649 4085 et
668 4029 795 4085 beneficio
814 4037 968 4088 retorsiunis
1016 4039 1121 4097 utitur,
1141 4033 1296 4089 transierit.
1317 4036 1357 4088 dn
1384 4036 1465 4098 lieet,
1493 4033 1578 4104 quoad
1604 4033 1656 4110 (2.)
1685 4034 1828 4106 indigenae

101 4125 136 4180 43
158 4115 257 4166 iterum
276 4113 463 4166 consulendum
483 4116 551 4166 erit.
570 4114 647 4184 Quod
666 4116 750 4169 multo
768 4117 850 4186 magis
866 4119 968 4173 obtine·
1015 4131 1138 4188 cognatae
1154 4129 1294 4189 praesente
1311 4121 1406 4172 merito
1424 4136 1477 4172 non
1502 4119 1577 4188 plus,
1602 4135 1680 4189 quem
1707 4117 1827 4173 introdu-

159 4195 198 4250 blt
218 4206 308 4248 contre
327 4214 354 4250 ee
374 4198 448 4260 loca,
466 4215 531 4268 qnee
549 4199 618 4250 nilril
643 4199 736 4268 plene,
763 4217 849 4270 neque
877 4219 965 4258 rorum
1015 4209 1083 4252 ctam
1104 4199 1312 4272 niffteIgeredern
1329 4202 1482 4270 lucrentur,
1500 4218 1530 4254 ac
1552 4201 1614 4254 inde
1639 4203 1709 4274 paris
1734 4185 1827 4258 eoodi'·

155 4281 311 4334 utensilium
330 4283 447 4347 nomine,
466 4296 550 4353 neque
569 4281 741 4336 haereditario
758 4286 815 4352 jure
833 4284 967 4352 reddunt,
1017 4284 1098 4338 tionis
1117 4303 1177 4338 cum
1205 4285 1343 4339 extreoeie
1368 4285 1486 4354 cognatis
1517 4287 1753 4353 concurrentibus,
1785 4288 1828 4342 rel

103 4375 136 4429 ιι
156 4367 201 4418 ulti
221 4365 292 4420 forte
310 4369 432 4436 conjuges
451 4363 502 4420 tibi
522 4366 636 4418 invicem
656 4367 702 4420 soli
718 4364 865 4420 euoceduut.
878 4367 967 4424 Certe·
1016 4370 1079 4421 eolis
1098 4368 1261 4433 enormibus,
1282 4368 1440 4434 habeanturr
1459 4369 1487 4420 id
1508 4379 1611 4433 temen,
1629 4367 1698 4440 quud
1717 4387 1750 4424 ex
1774 4372 1826 4426 elio

154 4465 212 4500 rum
230 4463 254 4503 ιι
272 4451 315 4503 iric
334 4451 383 4519 iuri
404 4447 733 4503 retorsionislocusdatur
751 4449 778 4502 in
797 4467 857 4504 eesu
877 4470 966 4506 eacan·
1015 4451 1102 4520 cepite
1120 4451 1196 4504 elteri
1214 4452 1284 4515 ciri,
1303 4454 1417 4517 mutilo,
1437 4464 1464 4505 ut
1489 4453 1636 4522 inquilino,
1662 4453 1760 4509 exinde
1788 4475 1829 4510 ec·

154 4532 222 4595 tiee,
242 4535 286 4586 ubi
305 4529 384 4586 fiscus
401 4529 585 4586 deficientibus
602 4533 725 4586 omnibns
744 4537 860 4604 cognatis
879 4537 908 4590 in
924 4559 966 4609 ge·
1016 4536 1119 4598 crescit,
1137 4549 1284 4587 exterorum
1304 4535 1483 4588 conditionem
1498 4535 1564 4588 lraud
1579 4535 1714 4588 meliorem
1728 4535 1827 4604 reddit,

138 4616 246 4696 'radam
265 4617 398 4681 raecedit,
417 4628 445 4671 ut
464 4627 552 4671 contre
570 4621 624 4687 ejus
642 4618 757 4672 eiritetie
783 4621 875 4686 citer,
901 4642 968 4693 qure
1016 4621 1060 4691 qui
1080 4618 1207 4671 damnum
1225 4617 1311 4670 adbuc
1329 4619 1457 4681 sentiunt,
1469 4637 1500 4672 ec
1517 4618 1580 4672 inde
1595 4621 1663 4687 justa
1682 4623 1827 4676 retorsione

156 4698 261 4766 plenem
281 4699 401 4768 geredem
420 4713 536 4766 exercet,
555 4703 595 4754 rel
614 4703 690 4772 plena
709 4701 802 4771 perede
823 4708 967 4776 retorqueri
1016 4713 1130 4756 utuntur·
1148 4701 1240 4771 Neque
1257 4701 1306 4772 (3.)
1330 4715 1509 4772 praesumptae
1534 4702 1660 4755 voluntati
1686 4700 1826 4757 deiunctae

153 4786 257 4849 possit.
275 4783 344 4854 Quia
360 4786 439 4836 etiem
459 4784 535 4854 plena
552 4785 645 4856 gerrada
663 4785 772 4839 caeteris
799 4786 967 4858 incapacibus
1017 4785 1136 4840 mulieris
1155 4787 1313 4854 repugnarir
1332 4785 1376 4838 sed
1398 4786 1484 4854 potius
1502 4785 1589 4840 eidem
1621 4795 1826 4842 momentaneum

154 4867 257 4920 nribus
274 4865 382 4920 alterius
406 4869 520 4921 civitatis
545 4868 629 4920 solum
653 4865 862 4939 nidtelgeradam
894 4890 966 4928 exer·
1015 4869 1202 4938 esseeidetur,
1220 4881 1322 4924 esteres
1341 4879 1462 4938 cogitatas
1481 4869 1671 4924 soaeeamdem
1690 4867 1823 4926 fortunam

152 4951 237 5006 reum
255 4951 418 5006 detrahitur:
437 4969 470 5003 ne
494 4953 522 5004 itt
549 4950 597 5004 boc
621 4969 681 5005 casu
709 4954 768 5024 plns
797 4956 967 5010 emolumenti
1016 4953 1105 5009 subire
1122 4953 1197 5024 cogi,
1214 4970 1291 5022 quam
1311 4951 1380 5021 epod
1404 4951 1464 5003 illes
1489 4952 1540 5006 lato
1571 4954 1742 5007 mortalitatis
1773 4973 1826 5010 non

156 5049 190 5086 es
210 5036 317 5092 alterius
335 5037 393 5104 jure
411 5035 501 5105 iniquo
521 5034 548 5086 ln
567 5035 673 5087 alterem
693 5036 842 5090 redundare
866 5041 968 5109 possiti
1018 5035 1160 5106 prestitit·
1177 5045 1316 5104 “periure
1335 5033 1417 5088 suiset
1433 5033 1453 5087 1·
1473 5037 1501 5092 1.
1516 5034 1549 5106 ffi
1566 5035 1638 5106 quod
1648 5037 1826 5110 querquejar.

155 5121 204 5173 eed
223 5121 303 5174 etiem
323 5121 351 5171 in
370 5121 418 5172 boe
435 5121 502 5188 iuste
521 5119 657 5190 proportio
674 5131 701 5172 et
718 5121 862 5190 aequalitas
884 5139 968 5178 serre·
1019 5116 1138 5196 deperiit,
1170 5117 1238 5188 qued
1265 5119 1377 5170 retortio
1401 5118 1603 5188 dispositionem
1632 5119 1750 5188 jurium,
1781 5121 1829 5176 ubi

158 5206 221 5255 turi
241 5203 395 5273 Esquiline
414 5203 549 5273 sequitur,
578 5203 666 5272 quod,
695 5201 720 5254 si
749 5215 857 5272 cognata
887 5206 970 5261 rimu!
1018 5201 1078 5270 quis
1096 5199 1150 5252 sita
1168 5198 1336 5268 defungitur,
1355 5216 1407 5254 non
1427 5201 1565 5264 immutetr
1592 5201 1637 5255 sed
1656 5203 1750 5257 borum
1770 5204 1826 5258 ini·

154 5293 215 5340 itum
235 5289 345 5361 certer-ie
368 5285 526 5341 haeredibus
548 5285 719 5340 haereditario
745 5287 803 5355 jure
833 5286 969 5360 succedet,
1017 5282 1145 5356 quitatem
1164 5283 1191 5334 in
1211 5293 1371 5349 extraneos,
1389 5284 1412 5336 si
1432 5301 1510 5353 quem
1529 5283 1643 5351 hebent,
1662 5288 1755 5341 saltem
1784 5287 1829 5344 tol·

155 5369 249 5427 borum
269 5375 356 5446 partui
374 5373 450 5441 ion'ge
469 5371 588 5423 meliores
606 5387 679 5433 esse,
696 5387 772 5440 quem
782 5408 793 5436 ,
810 5371 833 5424 si
853 5367 968 5440 deficiat,
1016 5371 1073 5432 lel,
1090 5378 1118 5421 ιι
1134 5366 1166 5420 ed
1183 5368 1363 5440 eequelitutem
1384 5369 1509 5423 traducet.

153 5463 182 5506 ιι
201 5472 274 5508 ιιιυι
291 5457 419 5510 recentius
431 5454 540 5517 existat,
558 5451 627 5523 quod
646 5465 705 5506 tnnc
723 5454 797 5524 plene
815 5455 908 5524 perede
929 5473 968 5510 re·
1051 5446 1123 5504 flent
1139 5453 1197 5521 ittte
1214 5451 1367 5524 procedunt,
1386 5471 1433 5507 nee
1450 5451 1563 5524 infringi
1581 5469 1720 5530 poterunt.
1750 5459 1785 5512 Αι
1804 5458 1826 5512 ei
1846 5483 1884 5538 pp

158 5539 273 5608 torqueri
292 5552 318 5594 et
338 5537 445 5594 retineri
466 5537 563 5610 possit:
581 5553 646 5606 quae
664 5535 775 5593 retorsio
794 5549 924 5605 cnseret,
945 5541 969 5594 ιι
1017 5537 1190 5592 retorsiouenr
1209 5535 1242 5592 ed
1259 5549 1374 5594 caeteros
1391 5557 1472 5605 meus,
1490 5541 1536 5594 ubi
1556 5535 1666 5596 meritus
1681 5560 1733 5596 uon
1747 5542 1827 5596 simul

151 5633 266 5699 Ιιιιιςιιιιι
283 5624 403 5697 adnot,
421 5623 481 5678 licet
500 5623 664 5716 lrta'teutun
676 5621 881 5697 oiiitelqeredatn
896 5641 968 5697 pree-
1018 5622 1148 5691 succedit,
1167 5641 1214 5678 nec
1232 5639 1304 5679 ιιιιιι
1321 5624 1454 5680 ιιιιιιίιι
1471 5625 1578 5696 existit,
1598 5627 1731 5699 applicare
1744 5637 1771 5686 ιι
1782 5627 1827 5682 ed·
