4390 6198
635 297 1050 438 nrsnur'arro
1089 360 1417 442 vrnasnnn

290 569 1764 704 ffldffldddffldddssffildffllds

827 817 916 858 ΗΟ
960 818 1236 864 LIBRUM!

812 1001 866 1046 Ill!
889 1000 1025 1048 001011.
1049 1005 1251 1050 neuma.

461 1141 466 1148 ’
536 1171 717 1244 casana
740 1172 967 1244 rnnonon
991 1175 1194 1262 annua,
1217 1175 1389 1247 cnnnn.
1412 1173 1535 1244 nrsn.

765 1385 1305 1434 w

858 1511 1206 1632 rnnnnc

792 1773 1279 1848 PROOEMIUM.

196 1913 312 2047 Cum
336 1971 469 2063 imperii
494 1965 823 2061 romano-germanici
848 1967 1033 2059 imperandi
1058 1972 1144 2038 ratio
1168 1995 1233 2038 non
1258 1971 1302 2040 ab
1324 1974 1423 2042 unius
1447 1971 1675 2062 imperatoria,
1697 1971 1754 2042 sed
1780 1973 1877 2065 prin·

196 2067 307 2153 cipum
330 2087 366 2130 ac
389 2077 535 2128 statuum
560 2060 752 2126 anctoritate
775 2059 876 2126 simul
900 2059 1098 2151 dependeat,
1122 2075 1154 2127 at
1180 2063 1299 2130 lacrum
1321 2064 1444 2156 singuli
1470 2062 1618 2130 subditos
1640 2064 1675 2130 in
1693 2063 1765 2131 auia
1781 2064 1878 2130 terri-

199 2157 290 2220 toriis
305 2153 436 2246 legibus
446 2177 462 2218 a
474 2175 507 2217 se
517 2149 659 2217 conditis
673 2169 738 2214 non
756 2148 912 2216 minusne
923 2150 1138 2240 imperatorer
1149 2167 1251 2222 statua
1265 2157 1435 2222 universos
1448 2152 1579 2244 imperii
1596 2153 1683 2221 cirea
1699 2153 1882 2222 recessibus

199 2243 411 2334 promulgatis
426 2241 630 2330 obstringere
655 2239 792 2329 possint,
815 2241 928 2307 evenit
943 2239 1031 2322 hinc,
1056 2259 1094 2308 ut
1116 2241 1263 2310 diversae
1281 2245 1377 2336 plana
1393 2257 1425 2310 at
1441 2243 1505 2311 sibi
1524 2242 1665 2310 invicem
1690 2265 1878 2349 repugnan-

199 2351 244 2400 tes
258 2334 512 2400 constitutiones
532 2343 565 2396 et
589 2340 707 2395 statuta
731 2327 943 2409 ordinentur,
959 2331 1084 2420 quibus
1106 2334 1177 2400 suis
1199 2334 1340 2440 quisque
1356 2331 1500 2400 subditis
1515 2331 1670 2423 inprimis
1692 2330 1881 2425 providere,
1926 2356 1950 2394 κ

198 2441 229 2489 et
254 2426 375 2490 horum
400 2423 512 2512 magis,
535 2441 635 2512 quarn
659 2433 887 2486 extraneorum
911 2423 1092 2490 commodis
1117 2445 1190 2514 pras
1216 2449 1300 2492 reare
1323 2423 1454 2516 satagit.
1474 2425 1588 2514 Atque
1611 2420 1784 2490 diversitas
1800 2421 1878 2490 haec

197 2513 444 2580 ordinationum
461 2525 494 2577 ct
513 2531 642 2575 morum
659 2530 726 2574 non
745 2507 841 2574 ruodo
873 2511 960 2576 inter
976 2513 1166 2604 principum
1181 2447 1389 2582 diversorum
1417 2531 1451 2580 at
1477 2527 1622 2581 statuum
1639 2511 1801 2592 subditos,
1817 2510 1875 2578 aed

199 2620 232 2668 et
249 2623 314 2668 non
340 2623 413 2670 raro
437 2601 525 2666 inter
539 2600 626 2666 eires
656 2597 758 2663 unius
789 2598 949 2690 principis
972 2625 1035 2668 usn
1063 2603 1165 2684 acuit,
1181 2603 1275 2684 adeo,
1300 2619 1336 2672 ut
1360 2604 1528 2686 civitates,
1545 2601 1679 2694 oppida,
1710 2601 1785 2683 rici,
1811 2602 1884 2668 imo

199 2693 331 2784 collegia
356 2692 498 2757 invicem
522 2687 662 2754 diversis
683 2691 816 2754 statutis
840 2701 873 2755 ct
895 2689 1190 2759 consuetudinibus
1213 2695 1357 2786 gaudere
1388 2693 1584 2762 rideamus.
1608 2691 1664 2759 Sic
1687 2708 1878 2760 mercatores

200 2797 266 2848 tam
292 2804 351 2886 par
372 2779 556 2847 conthorias
578 2775 776 2844 hanseaticas
799 2787 832 2843 et
857 2783 1028 2884 praecipua
1047 2781 1202 2872 Europae
1225 2785 1384 2872 emporia,
1432 2807 1507 2850 uam
1530 2795 1563 2848 et
1588 2784 1624 2848 in
1648 2782 1789 2874 singulis
1806 2803 1884 2873 pro·-

201 2873 321 2938 vincias
345 2883 477 2951 statuta,
493 2868 616 2960 stylum
632 2879 665 2932 et
680 2865 922 2935 observantiam
948 2893 1044 2960 saepe
1068 2869 1233 2961 disparem
1259 2807 1489 2941 lachannloh.
1513 2871 1709 2966 Marquard.
1735 2871 1778 2939 de
1793 2894 1881 2939 mar·

200 2979 253 3028 cat
271 2959 330 3030 tit.
349 2961 378 3028 3.
393 2983 434 3026 aa
462 3011 468 3023 .
491 2985 519 3026 ι.
535 2974 569 3026 at
594 2983 623 3022 a.
645 2955 710 3024 llec
734 2959 845 3026 minua
860 2959 1028 3049 opificium
1053 2959 1203 3051 collegiis
1225 2962 1401 3054 singularia
1419 2979 1537 3029 statuta
1559 2960 1701 3030 condere
1717 2961 1879 3054 permitti·

201 3063 269 3131 tur,
285 3051 408 3144 quibus
423 2985 465 3116 de
480 3073 515 3118 ra
531 3049 573 3116 ad
588 3060 690 3114 artem
701 3048 934 3140 antnpilicinm
951 3062 1131 3142 spectante,
1140 3075 1185 3136 ae,
1198 3065 1229 3120 ct
1247 3054 1348 3120 socios
1363 3075 1438 3121 auos
1451 3052 1611 3144 obligant,
1629 3073 1833 3144 ponamque
1845 3052 1882 3120 in

202 3155 453 3238 transgressurus
467 3151 628 3206 statuunt.
646 3137 691 3202 Et
707 3137 782 3204 licet
803 3137 970 3206 ordinatio
986 3141 1122 3206 istorum
1136 3156 1336 3210 statutorum
1353 3143 1531 3222 limitetur,
1555 3165 1598 3209 ne
1623 3141 1727 3234 legem
1745 3155 1888 3210 naturae·

203 3245 236 3298 et
246 3235 348 3300 bonos
358 3227 800 3318 moresoffendantatquaad
811 3229 863 3296 sui
879 3228 1019 3296 valorem
1032 3229 1194 3325 principis
1210 3235 1264 3300 ani
1281 3232 1560 3300 confirmationem
1578 3235 1749 3323 requirunt
1760 3229 1880 3324 Carpa.

201 3348 234 3416 p.
253 3348 284 3390 a.
301 3348 332 3392 c.
349 3321 381 3390 6.
397 3319 435 3388 d.
454 3345 488 3410 p.
505 3346 538 3384 n.
560 3321 610 3387 15.
626 3333 657 3386 et
675 3315 735 3384 tit.
757 3343 784 3386 1.
802 3343 891 3410 resp.
921 3321 976 3406 48.
994 3317 1122 3388 illas-ius
1144 3321 1195 3390 ad
1213 3323 1275 3414 jus
1291 3323 1456 3392 loborans.
1471 3341 1604 3415 quaest.
1656 3321 1830 3390 acelina.
1844 3347 1889 3388 n.

205 3415 260 3501 43.
278 3411 414 3518 llagnil.
430 3411 487 3478 dn.
504 3409 622 3478 Strur.
643 3431 750 3476 exera.
770 3409 877 3476 atla.
894 3407 1166 3496 42.Hoctnmen
1192 3417 1248 3478 ubi
1279 3425 1519 3492 ucremanet,
1574 3345 1769 3508 aesomnes
1793 3412 1879 3506 leges
1989 3491 1993 3498 Ι

205 3501 429 3595 provinciales,
444 3516 563 3568 statuta
580 3513 613 3565 et
635 3499 889 3566 consuetudines
905 3501 939 3565 in
956 3501 1084 3566 casibus
1098 3439 1324 3594 singularilsus
1339 3503 1532 3596 frequenter
1550 3439 1721 3570 ilifformaa
1737 3501 1882 3572 habean-

207 3609 271 3662 tur:
286 3593 379 3674 adeo,
392 3609 429 3659 nt
444 3615 483 3660 ex
499 3615 534 3658 aa
550 3587 764 3657 difformitata
780 3592 814 3656 in
831 3589 1074 3680 disponsatione
1090 3593 1235 3682 justitiae
1251 3595 1488 3688 acaprilibrium
1506 3592 1629 3660 cervari
1655 3605 1809 3682 nequeat,
1826 3589 1884 3662 sad

208 3686 369 3775 iniquitas
392 3681 469 3748 hinc
486 3682 565 3750 inda
581 3679 756 3760 redundet,
779 3692 812 3747 et
829 3679 975 3747 forenses
990 3703 1027 3750 aa
1041 3683 1269 3750 contrahentes
1285 3687 1319 3750 in
1337 3683 1415 3752 locis
1432 3683 1630 3775 peregrinis,
1650 3705 1710 3750 nec
1727 3704 1793 3748 non
1809 3705 1885 3776 per·

206 3797 249 3840 ac«
268 3787 385 3841 nentes
404 3795 539 3838 suorum
556 3783 767 3863 cognatorum
785 3769 1010 3838 haereditates.
1027 3791 1084 3838 aut
1099 3771 1243 3840 volentes
1272 3774 1378 3841 solum
1403 3787 1436 3840 et
1461 3771 1730 3864 jurisdictionem
1753 3787 1888 3840 mutato

202 3801 351 3930 lauicana
365 3861 497 3927 abunde
521 3861 562 3926 de
586 3883 660 3950 quo
681 3878 950 3954 conqrrerantur.
971 3859 1095 3950 Quare,
1114 3864 1226 3931 catinae
1269 3865 1388 3933 ualitas
1403 3883 1436 3930 et
1452 3862 1615 3956 iniquitas
1632 3863 1719 3946 tulis,
1742 3885 1779 3930 ac
1802 3860 1881 3930 inda

204 3953 392 4020 evenientia
417 3951 540 4016 damna
567 3947 753 4041 aliqnando
782 3951 1019 4104 reprimantur,
1046 3951 1201 4046 justaque
1230 3887 1342 4046 ulum
1364 3955 1530 4047 proportio
1552 3965 1585 4018 et
1609 3949 1721 4058 quoad
1746 3949 1781 4018 id
1811 3950 1888 4020 lieri⁴

211 4043 325 4132 possit,
341 4040 537 4105 observetur
552 4039 743 4117 redhibitio,
763 4041 794 4104 id
825 4043 887 4105 aait
905 4043 958 4132 jus
980 4045 1220 4132 aequissimum
1253 4045 1453 4112 retorsioniaa
1484 4065 1560 4111 cnm
1577 4065 1673 4132 quus
1696 4039 1890 4134 argumenti*

211 4131 373 4222 dignitate
396 4151 491 4220 saepe
506 4143 607 4197 certat
620 4129 746 4195 utilitas
770 4130 924 4224 insignia:¹
935 4143 974 4196 ut
988 4131 1065 4198 laiac
1081 4131 1139 4198 dar.
1157 4132 1310 4214 Praeses,
1327 4157 1427 4224 quern
1445 4147 1575 4200 tantum
1592 4131 1778 4198 nominasse
1794 4131 1886 4200 ruffi·

209 4223 286 4300 eiat,
303 4233 406 4286 tract.
423 4217 466 4286 da
483 4235 573 4288 cunt.
590 4236 698 4286 eantr.
714 4233 796 4288 sacr.
818 4243 844 4284 r.
861 4243 890 4285 c.
908 4217 940 4306 4.
956 4245 990 4286 n.
1009 4219 1039 4286 3.
1064 4222 1198 4302 scribat,
1213 4221 1377 4308 ad'vocato,
1402 4223 1456 4289 cui
1475 4245 1540 4314 pro·
1550 4241 1604 4288 reo
1620 4221 1791 4314 negotium
1808 4245 1891 4289 curu

210 4323 364 4378 extraneo
388 4323 494 4378 actore
521 4309 706 4392 intercedit,
724 4313 778 4376 rix
796 4308 960 4375 meliorem
992 4311 1155 4378 cautelam
1182 4311 1387 4403 suppeditari
1405 4335 1626 4404 posse,quam
1657 4329 1695 4376 ua
1725 4311 1885 4378 rationem

215 4403 405 4496 aequissimi
423 4403 506 4494 juris
521 4401 717 4467 retorsionia
729 4395 861 4480 lrabeat,
887 4417 919 4464 et
936 4411 1105 4489 propterea
1132 4403 1239 4494 primo
1262 4401 1424 4492 inquirat,
1440 4400 1523 4492 quid
1554 4401 1638 4494 juria
1655 4397 1724 4467 illic
1749 4397 1886 4468 loci'ob·

211 4511 370 4576 serretur,
392 4491 482 4558 unde
498 4511 585 4558 actor·
607 4489 779 4572 oriundus,
800 4511 841 4554 an
859 4489 907 4555 ibi
923 4502 1081 4555 statutum
1099 4491 1236 4584 aliquod
1252 4486 1430 4581 singulare,
1454 4491 1506 4559 rel
1530 4487 1708 4582 irregulare
1723 4489 1891 4575 obtineat,

214 4581 624 4674 iuxtaquudulieuigenia
655 4580 699 4645 ibi
732 4579 784 4669 [us
808 4579 872 4644 dici
905 4578 1012 4644 soleat.
1039 4579 1108 4672 ll'oc
1133 4584 1222 4647 enim
1246 4603 1322 4648 casu
1355 4579 1547 4650 advocatum
1577 4593 1818 4671 peteraposne,
1850 4597 1892 4649 ιη’

212 4685 366 4739 extraneo
381 4673 479 4739 actori
495 4673 548 4740 laia
563 4671 622 4738 loci
640 4671 729 4762 juxta
747 4673 802 4736 tit.
814 4666 850 4735 ff.
874 4668 966 4761 qaod
977 4674 1118 4762 quisque
1131 4663 1230 4765 'jurii
1252 4688 1316 4739 aaa.
1342 4669 1454 4738 amem
1472 4669 1574 4738 modo
1589 4675 1642 4760 jus
1666 4669 1889 4766 dicatumque

212 4759 357 4829 subditis
371 4761 468 4852 hujus
481 4762 541 4830 loci
557 4761 624 4829 illic
640 4759 800 4828 redditur.
819 4759 861 4826 Et
879 4780 1046 4850 propterea
1062 4783 1196 4851 quoque
1212 4761 1338 4830 dictum
1355 4760 1505 4841 titulum,
1555 4761 1588 4828 ui
1613 4761 1665 4850 jus
1697 4762 1893 4830 retorsionis·

215 4853 382 4944 probatur,
401 4855 540 4920 maxime
554 4849 760 4919 commendat
778 4849 891 4920 Udlan.
907 4849 1421 4932 Zosiua‚ct1r'ralect..ndanmd.
1437 4851 1530 4926 dicit,
1570 4871 1629 4917 anc
1646 4853 1815 4916 materiam
1839 4873 1889 4918 er-

214 4967 247 5012 se
262 4942 312 5008 ele
335 4953 457 5020 antara,
478 4957 509 5010 et
527 4958 564 5010 ut
582 4941 670 5010 Bart.
688 4941 851 5032 loquitur,
874 4940 1028 5007 subtilem
1050 4957 1085 5006 et
1104 4942 1288 5024 difficilem,
1319 4941 1416 5009 valde
1447 4957 1556 5007 tamen
1573 4939 1712 5007 utilem.-
1729 4939 1891 5031 Inprimis

215 4965 383 5102 verulan.
399 5031 649 5124 Oldendorpiua
671 5035 804 5100 aenon.
812 5031 949 5120 forans.
965 5029 1065 5100 alors.
1103 5057 1140 5100 r..
1163 5049 1237 5102 act.
1263 5057 1294 5100 r.
1321 5033 1433 5123 peina:
1451 5030 1668 5120 usam-nujus
1688 5053 1884 5122 magnopore

215 5123 366 5208 inculcat,
390 5123 574 5216 neglectum
591 5136 702 5190 contra
726 5123 824 5190 dolen
851 5119 1026 5202 Miserum,
1043 5122 1215 5215 inquiens,
1231 5141 1368 5192 nostrae
1381 5125 1532 5192 levitatis
1551 5121 1587 5187 in
1611 5119 1888 5214 tractandojura
2032 5156 2036 5183 .›

214 5212 498 5306 exemplunm,
522 5212 613 5306 quad
635 5213 726 5282 lanc
749 5212 899 5280 divinam
911 5212 1114 5302 fhrmalam,
1160 5239 1237 5282 num
1255 5215 1354 5284 Dans
1372 5217 1545 5307 ipscvr'oa·
1565 5234 1650 5280 unca
1666 5211 1764 5280 nobis
1783 5237 1887 5305 prae*

215 5306 368 5398 scripsit,
385 5313 487 5373 nenio
499 5303 661 5400 dignatur
693 5305 731 5371 ln
761 5303 1084 5372 marcomanorum
1153 5307 1302 5378 mitrata:
1332 5329 1407 5374 cum
1438 5321 1553 5372 tamen
1568 5305 1613 5371 rit
1629 5305 1834 5394 aequissima
1854 5319 1894 5372 ar

215 5395 367 5464 omnium
382 5392 839 5483 lcumnnrnmsunctt‘onam
854 5393 1059 5488 ragutarrr'ae.
1093 5393 1204 5478 Adeo,
1228 5417 1313 5490 quoe
1326 5394 1604 5475 runrodularr‘rr,
1619 5407 1809 5462 tractamur
1832 5415 1889 5460 co·-

214 5491 322 5576 pc'ora:
344 5509 430 5574 quae
455 5482 936 5576 antemingentamadfarunt
952 5483 1169 5568 tlaasanrnm,
1190 5487 1513 5580 praeter-mittimur.
1534 5484 1647 5576 Atque
1670 5483 1730 5552 lice
1753 5487 1890 5577 quoquc

217 5577 326 5644 them
343 5579 381 5642 Ln·
393 5577 617 5669 disputatione
632 5559 816 5670 inaugurali
833 5600 929 5669 porro
946 5577 1215 5669 investigaturus,
1228 5581 1367 5671 ejusque
1384 5575 1633 5672 fundamentum
1651 5597 1687 5640 aa
1702 5594 1801 5640 usum
1815 5591 1890 5640 cum

216 5666 289 5736 aliis
310 5669 424 5736 cauria
434 5665 642 5764 proroodul‘o
659 5667 783 5764 ingenii
810 5668 1133 5762 propositurus-auru.
1149 5666 1249 5762 Quod
1266 5667 1357 5738 Deua
1381 5667 1458 5736 salix
1471 5690 1509 5736 ac
1523 5665 1668 5734 sacratum
1680 5687 1748 5730 aare
1765 5661 1899 5757 jubantt.
