4390 6198
432 275 486 328 331
878 272 881 280 ’
990 275 1176 334 tttst‘uttt.
1195 279 1251 333 llll.
1270 277 1386 334 CAPUT
1405 277 1452 335 tlt.
1945 277 1993 333 stt

377 367 519 466 presteris.
535 368 553 420 t.
575 364 651 465 lsff.
669 366 744 440 quad
766 368 878 440 que'sqsse
892 367 984 442 juris,
1005 384 1074 438 quse
1099 383 1197 420 nomen
1220 390 1225 466 q
1246 387 1297 424 uon
1316 383 1365 426 est.
1382 373 1400 425 l.
1420 373 1462 426 12.
1480 388 1503 426 e.
1520 373 1607 427 siun.
1625 369 1752 442 eeplnr.
1771 367 1874 424 tuens
1893 369 1910 425 l.
1928 373 1950 426 1.
1973 373 1994 426 2
2015 391 2034 428 e.

376 465 489 510 aetionis
508 453 546 506 sel
565 451 740 516 universalis,
764 462 892 520 quotenus
910 451 1129 518 jus'rntorsionis
1148 450 1199 501 im·
1248 455 1280 506 de
1298 454 1407 508 baereat.
1425 464 1475 510 aet.
1493 455 1602 509 Famam
1620 455 1673 508 illel
1693 452 1794 522 nquit,
1811 453 1930 522 quonism
1947 455 1971 506 id
1987 457 2034 523 jars
2116 451 2117 478 ³

378 540 452 610 peril
468 542 551 595 nostri
567 539 627 610 lege
645 538 784 596 universali
804 537 985 588 introductum
1002 536 1101 604 ubique
1114 546 1205 588 uuus-v
1248 539 1374 592 sancitum
1395 557 1446 592 nou
1463 548 1511 592 est.
1530 543 1653 592 Attamen
1680 553 1769 608 purum
1794 535 1890 590 frontis
1913 537 2035 604 bebetis,

381 635 465 698 ditur,
485 633 525 684 sel
543 630 625 683 etism
642 627 734 681 lueslis
754 627 889 694 sortietur,
907 641 973 696 quse
985 642 1018 678 ex
1032 625 1087 694 lege
1099 627 1200 696 specis·
1248 623 1292 692 qni
1312 624 1353 690 jus
1372 621 1493 675 nonsibi
1513 621 1649 685 sultsliei,
1669 619 2038 692 qundsdrersussliurninsps·
2116 625 2117 630 ’

382 716 415 782 ii,
432 725 461 768 et
477 715 507 768 iu
525 725 595 768 certe
613 712 882 783 quedem-prorinbls
900 711 1097 766 tuntusulecuru
1114 711 1202 764 bibet.
1250 708 1337 761 trusit·
1354 705 1516 778 Oldendurp·
1535 707 1562 758 b·
1579 708 1596 760 l.
1615 705 1688 759 rebr-
1705 701 1897 773 causafinalis
1921 723 1945 756 n.
1962 707 1985 758 ll.
2004 705 2042 756 bb
2116 677 2117 752 i

383 799 459 870 Quod
475 800 602 870 pertines,
619 817 685 868 quse
702 814 733 851 ex
746 798 898 857 electorum,
912 796 1066 866 principum
1078 796 1202 849 eliorum·
1249 793 1364 844 notiones
1381 791 1466 845 stricti
1486 789 1551 857 iuris
1569 788 1736 849 reiereudsrn
1755 788 1968 856 putemus,quod
1992 803 2037 838 non
2116 767 2117 772 Ἰ

382 893 556 956 queststuum
571 878 1202 946 constitutionibusuescenttuttmovuoactto,
1250 888 1352 938 tentum
1372 876 1443 929 intes
1454 873 1566 930 notiones
1580 874 1661 926 banse
1674 869 1738 924 fidei
1752 877 1773 933 t·
1786 868 1830 922 23.
1841 871 1899 924 inst.
1912 869 1944 924 de
1954 872 2039 924 anion

383 987 437 1022 non
454 979 482 1021 ut
498 969 565 1020 slise
583 967 728 1036 praetoriae
745 967 955 1032 aetianae-quse
972 965 1012 1017 sel
1031 981 1127 1032 poenxe
1144 981 1202 1035 pet·-
1251 971 1413 1018 enumeratas
1431 977 1483 1014 uon
1502 967 1585 1022 extet3
1604 957 1649 1010 sed
1668 965 1694 1010 et
1711 957 1823 1026 judicem
1840 957 1952 1026 praecise
1962 955 1989 1007 sd
2006 959 2041 1025 jus

384 1051 531 1125 sequendus
548 1054 642 1121 gestis,
660 1051 701 1105 sel
718 1061 805 1103 uoutrs
824 1051 866 1118 jus
878 1047 1137 1101 communeiueruut
1158 1049 1203 1100 in·
1252 1059 1326 1103 antee
1344 1049 1377 1101 sb
1395 1049 1456 1099 silis
1473 1055 1599 1098 stututnm
1618 1045 1657 1096 vel
1677 1044 1845 1113 impetretur·
1864 1044 1891 1092 ln
1904 1057 1945 1094 eas
1956 1043 2040 1096 iterum

385 1139 529 1202 tsnbnetse,
546 1135 702 1206 te'mperslls
717 1135 758 1189 sel
776 1135 878 1187 sunulis
896 1144 946 1199 est;
964 1132 1010 1185 sed
1032 1133 1118 1185 iustus
1136 1133 1203 1187 eisi·
1252 1133 1418 1186 etstueuslurn
1437 1129 1585 1197 adstringit.
1603 1127 1742 1180 Formulss
1761 1126 1837 1190 buius
1855 1127 1961 1178 aetionis
1978 1128 2041 1179 exhi·
2055 1120 2081 1170 ib

383 1222 451 1276 lium
470 1225 566 1275 merita
584 1221 619 1274 sd
636 1221 753 1274 actiones
769 1229 909 1291 perpetuus
928 1215 1052 1282 sebertus,
1071 1233 1130 1270 cum
1150 1233 1202 1269 nou
1251 1218 1296 1270 bet
1314 1215 1453 1269 Subseber.
1471 1212 1532 1266 coll.
1547 1222 1633 1280 praet.
1651 1211 1690 1262 acl
1706 1213 1733 1262 b.
1759 1221 1778 1263 s.
1793 1207 1834 1278 ff.
1857 1209 1929 1280 quoi
1948 1209 2043 1280 quisque

385 1307 472 1362 solum
491 1305 523 1358 sd
542 1317 704 1377 praesentes,
725 1305 772 1360 sed·
788 1305 869 1357 etiem
888 1303 988 1358 iuturus
1006 1318 1095 1356 mussi
1114 1303 1202 1374 porri·
1246 1302 1321 1372 juris
1340 1300 1369 1351 in
1387 1299 1465 1354 alter.
1483 1315 1591 1368 querum
1604 1298 1678 1368 prior
1691 1296 1814 1349 aduersus
1827 1295 1997 1362 mugistsstum
2009 1295 2045 1346 in-

382 1399 459 1460 gstur
478 1386 541 1440 bueo
559 1387 709 1458 postulatio.
727 1387 744 1439 i.
765 1389 791 1438 3.
808 1383 832 1459 5
850 1389 877 1438 b.
885 1383 926 1456 ff.
946 1387 972 1438 b.
998 1395 1018 1438 t.
1041 1385 1120 1456 idque
1138 1403 1204 1456 pru·
1251 1388 1343 1440 stltuts
1361 1395 1410 1448 est,
1428 1384 1473 1453 qui
1492 1382 1579 1452 egenti
1593 1397 1625 1434 ex
1638 1381 1811 1433 instrumento
1823 1379 1993 1432 executionem
2006 1395 2045 1446 ps·

386 1482 449 1544 pter
465 1485 596 1525 summam
619 1481 648 1524 st
669 1481 820 1537 aeternum,
846 1489 923 1539 quum
948 1488 981 1523 ex
1007 1473 1064 1540 iure
1090 1471 1205 1526 ustursli
1253 1480 1335 1524 retum
1356 1469 1486 1532 bsheete,
1505 1467 1562 1520 loco
1580 1465 1770 1535 recognitionis
1788 1480 1832 1517 reo
1850 1463 1897 1517 sub
1922 1479 1996 1532 poene
2012 1477 2046 1514 re·

386 1573 452 1629 prse
469 1571 498 1608 se
511 1553 564 1609 lest
576 1557 739 1653 quuitstem.
752 1555 916 1626 Oldendorp.
930 1565 980 1610 aes.
993 1557 1020 1606 1.
1032 1554 1105 1608 rubr.
1119 1575 1204 1628 quun.
1252 1553 1352 1624 cogniti
1370 1550 1554 1622 injungendae,
1573 1547 1896 1622 probetiunem'iniuuxiu
1913 1547 1986 1600 ultera
1997 1561 2048 1600 sero

384 1641 422 1696 sio
439 1649 466 1695 et
483 1638 615 1712 quamdiu
632 1657 660 1694 n.
679 1642 704 1692 t.
724 1641 860 1694 Diseetenr
878 1643 1001 1706 elicimus,
1019 1659 1088 1712 quse
1098 1658 1132 1696 ex
1145 1645 1205 1698 edl·
1255 1639 1341 1696 tendit
1359 1640 1482 1692 adsersus
1501 1655 1579 1702 eum,
1604 1637 1651 1708 qui
1671 1635 1791 1688 inducias
1812 1634 1962 1688 meritorius
1978 1632 2047 1701 impe·

388 1737 431 1826 ctu
448 1727 578 1826 prsetorip
596 1725 742 1792 descendite
761 1727 854 1778 utilem
873 1741 942 1791 sero,
959 1737 1087 1796 quatenus
1099 1745 1135 1780 ex
1149 1749 1205 1783 mo·
1254 1727 1337 1782 trusit:
1354 1742 1432 1797 quum
1450 1725 1570 1776 ultimum
1585 1733 1673 1774 tamen
1684 1731 1805 1788 nostrum
1836 1736 1869 1772 on
1884 1715 2047 1770 iacimusiin·
2061 1725 2085 1776 tt

387 1813 464 1865 rtbns
485 1822 586 1866 ststutss
609 1811 792 1881 retorquendis
818 1811 918 1882 iniquis
942 1815 1096 1886 applicatur.
1120 1817 1205 1884 stsrn
1257 1814 1364 1868 tendum
1384 1813 1497 1882 denique
1513 1821 1562 1871 est,
1583 1827 1631 1880 per
1650 1827 1724 1862 usum
1744 1807 1839 1868 edicti,
1858 1805 1993 1859 debitorem
2006 1822 2048 1858 non

385 1899 554 1994 etmonstslli
572 1899 601 1953 in
617 1899 724 1962 ictum,
742 1898 786 1966 qui
803 1915 942 1970 perperam
962 1901 1141 1968 consuluerit,
1160 1901 1205 1954 stl-
1253 1899 1361 1954 liberari
1380 1917 1394 1950 s
1413 1895 1525 1949 naturali
1545 1891 1721 1960 obligatione,
1739 1891 1757 1944 l.
1778 1893 1804 1942 3.
1829 1891 1853 1957 §.
1875 1890 1921 1944 ult.
1936 1885 1973 1957 ff
1989 1888 2012 1940 t.
2032 1898 2048 1943 t.

307 2071 315 2084 .
389 1991 518 2050 mittunt,
538 1997 586 2036 uec
603 2001 655 2037 nou
675 1983 703 2035 iu
722 1987 859 2054 collegium
885 1985 1038 2054 juridicum.
1055 1985 1153 2040 Busius
1178 1989 1206 2042 ln
1254 1983 1332 2041 Unde
1351 1981 1373 2034 si
1391 1981 1452 2050 quis
1469 1979 1503 2032 sb
1520 1995 1561 2045 eo,
1578 1976 1624 2047 qui
1644 1973 2049 2042 tlttuiitel'iffll’iffffiiii’⁰⁰·

390 2067 550 2138 33].11
569 2084 589 2124 s.
608 2071 660 2123 Du.
679 2070 766 2126 Situs.
785 2072 822 2126 oi.
839 2072 857 2124 1.
875 2091 901 2126 a.
920 2074 946 2125 t.
964 2093 990 2126 n.
1012 2075 1037 2126 li.
1059 2075 1098 2124 bd
1120 2093 1206 2147 perso.
1254 2089 1313 2124 susu
1332 2085 1378 2121 seu
1396 2065 1524 2135 iniquum,
1543 2063 1640 2115 omissa
1659 2059 1826 2129 exceptione,
1844 2073 1908 2128 quse
1925 2073 1956 2108 er
1973 2055 2046 2110 edicto

388 2157 462 2210 nales
478 2157 595 2210 sationes
613 2153 764 2222 referende,
780 2160 850 2230 quod
876 2175 908 2212 ex
935 2161 1031 2214 delicto
1055 2159 1205 2228 descendat,
1256 2153 1434 2225 competebat,
1459 2168 1509 2221 que
1534 2143 1707 2216 retorquendo
1731 2144 1845 2196 liberere
1868 2158 1897 2194 se
1923 2141 2047 2212 potuisset,

387 2240 407 2294 i.
426 2245 452 2295 1.
471 2244 495 2295 2.
505 2242 548 2312 ff.
566 2243 593 2296 d.
610 2253 628 2295 s.
647 2243 727 2314 idque
743 2245 784 2297 sel
802 2263 847 2298 sus
866 2259 955 2300 netues
981 2245 1144 2310 commisso,
1169 2248 1208 2298 rel
1255 2242 1371 2305 solverit,
1389 2255 1441 2292 uon
1454 2236 1560 2290 debitur
1573 2231 1714 2287 condictio.
1729 2231 1827 2283 Bertul.
1838 2227 1899 2298 ibid.
1917 2225 1965 2277 Du.
1978 2225 2049 2276 strue.

389 2347 425 2384 ex
442 2335 501 2402 jure
516 2335 656 2389 stetutssio
670 2333 761 2404 inique
774 2343 942 2404 praesumpto
960 2331 1004 2384 tn.
1019 2333 1111 2387 Strui.
1123 2343 1156 2384 tr.
1175 2333 1207 2386 cle
1256 2327 1302 2381 alt.
1318 2337 1353 2380 tr.
1372 2345 1397 2378 a.
1417 2324 1459 2375 1⁰.
1479 2339 1506 2374 n.
1526 2321 1552 2372 3.
1578 2319 1655 2390 Qttud
1672 2314 1764 2370 erdem
1783 2313 1886 2366 ustione
1910 2308 2002 2363 statutis
2017 2325 2048 2360 tt·

385 2417 461 2476 sind.
476 2418 550 2492 priv.
567 2437 590 2472 c.
609 2423 653 2472 tt.
672 2421 738 2490 apd.
761 2438 789 2476 n.
815 2420 859 2472 13.
888 2419 938 2470 l’ru
964 2421 1004 2472 rei
1028 2417 1205 2488 persecutoris
1257 2408 1411 2480 torquendis
1428 2400 1613 2478 applicandum
1630 2416 1687 2454 esse
1711 2399 1830 2460 viduus,
1854 2410 1902 2450 nee
1926 2393 2008 2447 elsitss
2028 2390 2050 2443 id

389 2508 494 2579 potius,
512 2523 590 2577 quem
608 2521 656 2578 pro
673 2505 779 2577 poenali
797 2506 893 2558 bebere
913 2505 1041 2558 nolumus.
1060 2503 1128 2572 Quis
1155 2519 1207 2554 non
1257 2495 1394 2550 condicere
1412 2492 1445 2547 sb
1463 2494 1542 2543 alters
1561 2487 1662 2558 possit,
1678 2500 1743 2554 qnae
1761 2484 1791 2536 in
1812 2482 1915 2536 sltersm
1941 2480 2048 2546 inresti-

389 2595 460 2647 tsltrs
478 2594 604 2658 retortio,
626 2609 706 2662 quum
732 2591 814 2644 laesio
835 2589 902 2644 lecte
927 2587 1102 2652 extendatur,
1121 2595 1147 2639 et
1171 2587 1209 2638 sic
1257 2583 1353 2636 luterio
1371 2582 1424 2649 jem
1445 2573 1589 2637 transtulit,
1606 2589 1636 2624 se
1653 2568 1705 2622 sibi
1720 2564 1896 2637 retorquendo
1914 2563 2015 2616 retinere
2025 2560 2050 2610 li·

390 2698 445 2734 nnn
464 2692 517 2736 tem
537 2699 628 2754 paens,
645 2697 723 2752 qusm
736 2679 851 2750 sequslis
864 2674 1015 2730 distributio
1029 2675 1126 2727 subest.
1138 2675 1207 2726 We=
1256 2667 1360 2720 cuisset
1387 2665 1458 2714 llsee
1481 2657 1564 2729 quaed
1586 2673 1638 2719 es,
1659 2669 1725 2724 quse
1751 2652 1905 2724 plerumque
1929 2649 1956 2699 in
1976 2659 2051 2714 genere

390 2766 465 2823 senb.
487 2778 577 2840 parat.
602 2769 630 2820 b.
654 2776 673 2818 s.
696 2778 726 2818 ut
749 2767 790 2818 sie
814 2766 890 2818 istus
908 2761 925 2814 l.
945 2761 971 2814 3.
991 2749 1017 2811 1.
1037 2759 1062 2812 2.
1082 2755 1209 2810 roesbulo
1257 2751 1327 2804 circe
1346 2751 1386 2818 jus
1404 2742 1555 2804 retorsionis
1573 2739 1733 2795 observanda
1752 2735 1881 2803 ueniunt,
1909 2731 1972 2786 diets
1989 2724 2048 2784 sulb-

389 2873 486 2928 poense
512 2855 640 2908 sbuletur.
667 2851 755 2906 Heln.
782 2849 819 2904 asi
835 2847 924 2908 eumd.
943 2845 968 2899 it.
988 2856 1006 2898 t.
1026 2845 1098 2916 Quin
1118 2839 1209 2893 divisi·
1258 2837 1340 2890 cisni·

388 2943 453 3002 lulis
474 2941 531 3010 sit,
557 2943 630 3012 juxte
650 2940 825 3010 pluralitatem
851 2933 1013 2997 haeredum,
1034 2927 1210 2984 dubitandum
1392 2927 1394 2935 ’

1058 3087 1304 3163 CAPUT
1349 3083 1413 3150 tv.

813 3345 816 3356 ,
898 3273 956 3340 De
982 3271 1166 3339 retorsione
1181 3264 1274 3356 juris
1299 3258 1393 3326 circa
1417 3253 1655 3326 successiones.
1688 3334 1691 3342 ι

633 3459 654 3510 S
676 3463 703 3518 U
717 3458 753 3511 M
767 3453 802 3510 M
816 3451 844 3506 A
865 3455 888 3506 tt
907 3449 925 3502 Ι
943 3447 970 3500 A
1267 3430 1401 3501 Obiectio,
1415 3427 1487 3500 quod
1496 3423 1595 3495 geracia
1606 3419 1747 3476 extraneis
1758 3439 1813 3492 pro
1827 3430 1890 3477 rata
1902 3405 2054 3472 tmutturts

1299 3527 1402 3568 tantum
1417 3507 1586 3566 concedendo
1598 3508 1641 3561 sit.
1656 3525 1683 3560 n.
1698 3507 1741 3558 22.

1265 3597 1428 3666 Responsio.
1442 3615 1469 3648 n.
1484 3595 1528 3644 23.

1269 3683 1456 3756 (irroratione
1479 3685 1662 3749 retorquetur,
1689 3676 1713 3728 si
1733 3673 1833 3729 citu'tas
1857 3683 2003 3741 retorquens
2022 3658 2060 3712 tti-

1283 3775 1285 3782 ’
1303 3787 1355 3824 nus
1371 3769 1467 3838 piena,
1488 3765 1576 3818 altera
1594 3781 1658 3815 uero
1675 3761 1757 3830 piena
1768 3761 1872 3832 geracia
1886 3765 2015 3812 utatur.n·
2027 3741 2061 3796 ii·

402 3628 508 3699 Ubiius
519 3625 680 3682 retorsions's
693 3624 782 3678 locum
794 3619 881 3674 isabet.
897 3635 925 3670 n.
943 3617 965 3664 t.

400 3721 462 3785 (isso
469 3715 537 3788 jure
549 3711 723 3768 succedimus.
737 3727 764 3759 n.
778 3706 803 3758 2.

395 3794 643 3870 Differentiajuris
653 3792 744 3845 ciuilis
757 3801 782 3845 et
793 3783 942 3842 statutarii.
955 3800 983 3832 n.
997 3783 1022 3832 3.

395 3887 488 3940 Datur
497 3879 611 3936 retorsia
623 3886 718 3932 eontra
737 3891 798 3940 eas,
820 3872 868 3944 qui
880 3877 1026 3922 extraneos
1040 3883 1056 3918 a
1068 3861 1214 3916 successio·
1267 3853 1419 3907 Dubiorum
1433 3847 1619 3902 resolutiones.
1634 3864 1660 3898 n.
1676 3845 1718 3897 23.

431 3967 512 4019 nibus
523 3961 678 4018 secludant.
692 3977 721 4010 n.
734 3957 758 4010 i.
1266 3941 1359 3993 Darou·
1368 3946 1433 3990 tunc
1445 3933 1561 3986 retorsio
1577 3941 1674 3985 contra
1688 3929 1820 3986 baereies
1832 3922 1999 3982 indistinctim
2010 3933 2063 3972 eon·

398 4053 428 4106 A
432 4051 518 4120 nglos.
531 4067 560 4102 ss·
572 4047 597 4100 t.

400 4135 545 4188 Bodentos.
561 4151 589 4184 n·
603 4130 631 4182 3.

400 4219 496 4272 Gallos
507 4219 606 4270 intuitu
614 4212 687 4286 juris
696 4208 839 4282 aibinnqii.
854 4226 881 4260 n.
894 4207 919 4260 7.
1304 4210 1378 4246 nuru.
1396 4191 1440 4243 tt.

399 4307 597 4360 Batureonrra
609 4316 664 4362 eos,
675 4299 725 4368 qui
737 4293 878 4351 extraneis
898 4307 955 4344 uon
972 4289 1106 4356 integram
1124 4283 1216 4334 boere-
1271 4281 1318 4334 An
1331 4285 1450 4348 cognata
1470 4283 1600 4327 extranea
1627 4269 1725 4339 degens
1744 4265 1773 4319 in
1791 4263 1868 4326 loeo,
1887 4261 1932 4318 ubi
1953 4259 1983 4314 'us
1998 4269 2062 4309 eont-

438 4384 558 4450 ditatesu,
570 4383 618 4436 uei
629 4399 687 4435 nan
699 4379 758 4434 sine
769 4394 853 4430 onere
864 4371 1025 4426 concedunt.
1040 4389 1068 4420 n.
1083 4369 1117 4446 3.ι
1306 4379 1385 4416 mune
1404 4359 1492 4430 viget,
1508 4356 1610 4430 geracia
1626 4354 1696 4428 jure
1719 4348 1883 4405 retorsionis
1901 4335 2062 4401 sectatum?

398 4471 431 4520 Si
440 4485 482 4524 res
494 4463 705 4541 quaedamfisca
718 4471 905 4537 praestantur.
918 4478 948 4510 n.
960 4458 986 4510 3.
1306 4463 1379 4498 num.
1393 4445 1436 4495 28.

401 4553 502 4607 Contra
515 4550 635 4605 bomines
644 4551 781 4620 proprias.
795 4565 822 4598 n.
839 4546 883 4597 to.
1275 4533 1373 4586 Venire
1385 4527 1527 4598 opiniones
1539 4523 1582 4580 tt.
1595 4543 1622 4580 n.
1636 4523 1680 4576 23.

401 4639 506 4694 Contra
518 4655 574 4704 eos,
586 4635 634 4707 qui
642 4634 686 4705 ius
701 4629 879 4690 detractionis
891 4644 940 4684 teu
957 4623 1124 4699 pabeiiarum
1142 4636 1219 4674 euer-
1276 4617 1330 4684 (tui
1339 4608 1494 4686 affirenunr.
1508 4628 1535 4660 n.
1550 4603 1593 4660 30.

437 4732 508 4776 ceni·
521 4739 549 4776 tt.
563 4723 609 4773 tt.
623 4719 668 4770 12.
681 4719 725 4770 13.
1274 4701 1378 4753 Eorum
1391 4695 1520 4748 rationes.
1535 4711 1563 4743 n.
1577 4692 1620 4743 31.

404 4807 453 4862 Act
471 4805 546 4879 quati
562 4822 617 4858 rien
635 4802 793 4873 requiritur,
814 4809 845 4853 ut
862 4796 989 4852 detractio
1009 4791 1163 4848 introducta
1180 4787 1221 4842 sit.
1277 4781 1330 4852 Qui
1340 4777 1498 4849 distingunt.
1512 4795 1540 4828 n.
1555 4775 1598 4826 32.
1668 4832 1670 4843 Ι

441 4909 513 4946 num·
526 4889 570 4943 tt.
1274 4873 1376 4924 Nostra
1389 4861 1502 4918 assertio
1514 4853 1655 4930 negativo.
1671 4875 1696 4908 n.
1711 4853 1753 4908 33.

405 4974 531 5032 Iletorsio
544 4971 625 5028 rebus
637 4964 881 5039 meraejisculsatis
895 4962 1066 5018 adscribitur.
1080 4977 1106 5013 n.
1125 4959 1166 5012 13.
1278 4957 1329 5012 nd.
1342 4953 1479 5008 nobisnsm
1490 4941 1692 5001 consentientes.
1708 4961 1734 4993 n.
1749 4939 1791 4994 tt.

406 5069 590 5135 detorquetur
596 5058 643 5129 ius
654 5055 775 5129 peratiae
786 5062 883 5107 contra
903 5066 966 5114 eus,
988 5051 1037 5118 qui
1050 5046 1122 5098 banc
1140 5053 1221 5098 entra
1275 5037 1442 5110 Btfittantur
1451 5039 1613 5102 argumenta
1627 5027 1795 5097 negantium.
1808 5041 1835 5076 n.
1849 5021 1893 5073 33.

439 5145 658 5218 iurisdictionem
671 5157 728 5196 non
742 5137 919 5204 transferunt.
933 5152 963 5187 n.
977 5133 1021 5185 tc.
1276 5123 1454 5192 collegiorum
1464 5111 1644 5170 electoralium
1653 5109 1852 5162 saxonicorum
1864 5111 1989 5156 essemus·
2001 5081 2063 5145 uli.

410 5229 560 5302 Quidiuris
570 5225 615 5291 sit,
627 5225 652 5278 si
660 5223 759 5278 ciuitas
772 5233 933 5292 retorquens
948 5218 1061 5289 plenam
1077 5213 1223 5284 gerusiam,
1276 5213 1443 5278 Responsum
1457 5197 1612 5254 scabinatus
1624 5192 1766 5261 lipsiensis.
1780 5211 1807 5246 n.
1823 5189 1867 5240 st.

444 5331 513 5386 quoe
525 5321 692 5381 retorquetur
702 5325 765 5362 sero
777 5305 865 5360 minus
877 5305 996 5373 plenam,
1008 5318 1055 5356 seu
1068 5297 1168 5370 Nifftel
1176 5315 1222 5368 ge·
1273 5291 1413 5364 ,Probatur
1425 5279 1523 5340 exinde
1535 5279 1623 5334 nostri
1634 5279 1733 5331 asserti
1744 5273 1860 5329 ueritas.
1873 5287 1900 5322 n.
1914 5268 1954 5318 33.

444 5400 543 5454 rodurn
556 5393 695 5450 emerceat?
708 5411 734 5446 n.
749 5391 792 5442 17.
1275 5373 1421 5444 Excipitur
1432 5383 1508 5423 casus
1520 5363 1673 5434 singularis.
1688 5363 1721 5412 ni
1730 5361 1772 5412 33.

410 5477 696 5554 ilesolriturquaestio
711 5477 760 5530 sub
773 5471 955 5530 diiunctione.
969 5491 998 5526 n.
1011 5471 1055 5524 13.
1071 5471 1113 5524 lli.
1278 5457 1435 5528 litabantur
1445 5450 1527 5504 etiam
1540 5467 1609 5519 qrsae
1621 5445 1650 5499 in
1662 5463 1723 5514 cap.
1738 5445 1781 5496 ll.
1796 5460 1822 5495 n.
1837 5441 1881 5494 13.

409 5569 536 5629 Solvitur
547 5567 670 5641 abjectio.
681 5583 710 5618 n.
722 5561 764 5614 23.
1279 5538 1460 5594 deseruimus.
1473 5555 1500 5589 n.
1514 5533 1559 5585 ttt-

409 5659 467 5722 ‚Jus
478 5655 637 5712 recessionis
650 5653 734 5706 datur
752 5666 811 5706 non
827 5653 936 5718 propter
946 5643 997 5718 jus
1013 5641 1162 5709 doersum,
1180 5640 1228 5696 sed
1279 5629 1326 5684 An
1341 5623 1418 5678 beten
1428 5623 1549 5681 retarsta,
1562 5616 1587 5670 si
1596 5625 1693 5669 statiua
1702 5610 1897 5686 qrsondspecies
1909 5605 1945 5661 ud
1953 5593 2063 5678 perabat·

447 5745 579 5816 iniquam.
599 5756 625 5792 n.
644 5737 690 5790 21.
1313 5719 1463 5780 spectantes
1473 5699 1636 5776 discrepent?
1650 5719 1677 5753 n.
1692 5701 1735 5756 il.

1302 4023 1445 4075 sideratos.
1458 4036 1484 4070 n.
1499 4017 1542 4068 23.

1269 4111 1348 4162 Recte
1373 4113 1549 4177 retorquent,
1580 4099 1627 4173 qui
1652 4097 1698 4169 q'us
1718 4097 1839 4170 peratiae
1864 4113 1920 4149 nors
1941 4091 2062 4144 exercent.

557 5993 577 6054 b
