4436 6222
389 204 444 261 eus
962 195 1152 255 DlSPlleT.
1171 193 1217 248 xt.
1236 191 1355 248 estus
1374 196 1407 250 V.
1916 187 1970 243 tot

338 313 417 380 proed
436 301 577 358 manifesto
594 297 645 352 boe
662 296 847 353 demonstrant
869 293 953 351 rerba
966 293 1153 350 transactionis
1207 288 1285 342 milit.
1303 309 1331 343 n.
1349 291 1376 344 6.
1392 288 1438 361 qui
1456 288 1601 344 hodienum
1619 287 1648 344 id
1665 285 1704 342 ita
1720 285 1869 353 obtestari,
1882 293 1910 340 et
1929 286 1955 339 iu
1974 287 2026 340 eul-

236 373 241 382 ’
340 389 410 443 iuter
429 383 697 442 rice-mureselrsllunr
709 393 734 436 et
753 381 871 434 ciuitates
890 381 1043 434 interuentu
1062 377 1156 430 ductim
1209 370 1278 439 lusio
1294 371 1409 440 juridico
1427 372 1610 428 universitatis
1634 371 1715 442 juliae
1739 370 1892 441 saepissime
1910 369 1947 421 lta
1966 385 2026 438 pro·

340 469 455 525 berariei
474 480 501 524 et
519 463 721 532 wurtenberqici
746 463 892 532 legatorum
916 461 1011 522 isitres
1028 447 1103 526 euius
1122 469 1158 512 te·
1210 455 1365 508 nunciatum
1383 473 1440 508 esse
1458 456 1553 521 tradit,
1571 454 1604 510 sle
1622 454 1755 510 contraria
1779 471 1839 509 reso
1857 451 2025 505 obseruantia

339 571 391 606 uos
408 552 499 610 rideri¹
513 560 598 622 potest
615 547 683 620 apud
706 547 795 600 liertr.
814 545 847 598 de
871 561 942 598 eona.
968 545 1007 596 tis.
1032 545 1079 595 61.
1096 543 1156 596 Nun
1212 547 1321 600 testatur
1339 536 1441 590 Brunn.
1459 538 1498 592 cd
1513 538 1532 589 t.
1549 539 1573 589 6.
1584 555 1608 591 e.
1620 538 1653 592 da
1665 537 1764 610 jurisd-
1781 533 1852 609 quod
1871 535 1959 605 praxis
1973 532 2028 586 mi·

339 645 434 690 ,tamen
463 635 569 688 interim
594 632 683 684 cannis
707 629 859 698 jurisdictio
883 627 955 680 illius
979 625 1111 689 ciuitatis,
1131 625 1159 676 in
1210 622 1293 674 literis
1309 620 1412 674 abunde
1430 620 1587 690 comprobat·
1867 667 1870 674 .

342 738 392 788 qua
410 721 517 772 comitis
542 717 717 777 celebrantur,
734 711 862 781 quiescit;
882 711 926 762 aed
951 709 1014 762 dum
1044 707 1158 776 inspera-
1243 704 1334 774 Neque
1358 704 1461 757 silentio
1485 703 1529 755 laic
1554 704 1771 775 praetereundum
1803 703 1934 774 singulare
1958 699 2025 754 illud
2044 686 2087 740 Π

341 810 424 852 sorem
444 798 502 852 urbi
521 797 777 868 appropinquantem
793 793 907 844 clavibus
925 801 1061 862 portarum
1080 804 1102 844 et
1114 807 1156 842 er·
1208 791 1264 856 jus,
1283 787 1352 857 quod
1373 787 1449 840 habet
1469 786 1568 840 elector
1593 789 1726 859 palatinus
1751 788 1781 840 in
1798 785 1968 858 protegendis
1988 785 2027 836 la-

343 879 428 934 cbiris
444 883 469 933 ol
479 880 540 932 lutis
558 879 714 946 excipiunt,
732 892 765 928 ea
784 875 892 944 speciali
912 873 1083 943 imperatoris
1095 889 1158 924 uon·
1210 870 1266 922 bris
1283 873 1406 932 cerariis,
1426 887 1479 922 nou
1504 871 1611 941 quidem
1634 869 1773 935 omnibus;
1792 871 1838 924 secl
1864 870 1914 934 iis,
1931 870 1977 938 qui
1999 869 2028 922 in

343 965 463 1019 cessione
482 967 516 1018 iis
535 963 718 1034 permittitur,
730 970 758 1014 ot
770 959 981 1028 jurisdictionem
997 957 1157 1008 ,durantibus
1211 965 1294 1008 tractu
1312 955 1427 1009 rlaeuauo
1445 970 1475 1008 ae
1492 957 1573 1010 certis
1590 955 1719 1010 Francise
1740 954 1878 1008 orientalia
1906 957 2028 1026 partibus

341 1046 461 1102 comitiis
479 1048 506 1099 in
526 1063 585 1100 suos
609 1046 679 1102 ciues
703 1059 823 1098 exercere
849 1041 967 1112 possint,
986 1039 1111 1094 brumae.
1128 1037 1162 1092 de
1209 1041 1316 1108 degunt.
1336 1041 1393 1093 lloc
1409 1043 1465 1108 jus,
1478 1039 1547 1110 quod
1565 1039 1696 1110 palatinus
1713 1040 1746 1093 ab
1764 1039 1951 1090 immemoriali
1964 1044 2028 1092 tem.

344 1131 434 1185 comit.
452 1149 475 1183 c.
492 1131 518 1182 6.
537 1115 562 1182 n.
582 1129 626 1180 llll.
1049 1179 1052 1186 ,
1209 1140 1274 1195 pore
1298 1123 1427 1187 messuit,
1448 1141 1517 1177 nuuc
1541 1123 1707 1176 nobilissima
1732 1123 1900 1176 Zobeliorum
1924 1121 2028 1174 familia

290 1216 324 1270 lli
379 1213 499 1267 Pertinet
517 1212 568 1264 huc
589 1227 695 1282 qaaqae
720 1207 821 1275 lorum,
839 1226 891 1278 quo
913 1203 1028 1275 gaudent
1046 1221 1158 1274 praxeos
1210 1209 1243 1261 ab
1261 1209 1373 1262 electore
1390 1209 1502 1277 palatino
1521 1207 1548 1260 in
1566 1206 1722 1262 subleudum
1742 1195 1829 1274 tenet,¹
1845 1223 1905 1260 oum
1925 1205 2027 1274 insigni

343 1297 481 1352 numeralia
493 1295 601 1351 studiosi
614 1299 698 1364 (quos
709 1304 801 1346 uocant
814 1291 995 1363 practicanten
1003 1291 1031 1360 ,)
1044 1290 1073 1342 hi
1086 1291 1158 1343 euim
1212 1293 1261 1346 boc
1274 1292 1430 1363 privilegiu,
1443 1303 1468 1346 ιιι
1479 1289 1547 1342 labri
1566 1291 1661 1342 aerarii
1672 1291 1884 1360 suppellectilem
1903 1307 2029 1359 cupream

342 1379 499 1433 immediate
516 1394 633 1432 camene
658 1377 765 1446 subjecti
785 1385 861 1439 aurit,
881 1375 958 1428 ruodo
983 1393 1028 1427 anu
1052 1374 1159 1428 nomina
1210 1378 1243 1430 ad
1262 1377 1340 1432 totius
1358 1377 1398 1429 rei
1416 1376 1575 1430 domesticae
1593 1391 1669 1429 usnm
1687 1371 1863 1428 sufficientem
1892 1376 1927 1426 iis
1944 1376 2029 1443 gratis

343 1461 412 1532 epttd
429 1461 545 1530 judicem
567 1459 696 1530 professi,
715 1470 742 1510 el
767 1457 905 1509 matriculi
928 1473 1045 1510 camerae
1063 1455 1161 1524 recepti
1212 1461 1417 1515 subministrare
1441 1460 1710 1528 lentandum-Meges.
1733 1458 1766 1512 de
1793 1459 1885 1512 aduno.
1911 1475 1983 1510 arsit.
2004 1477 2028 1512 e,

339 1544 413 1608 sint,
427 1544 544 1614 alioquin
556 1541 736 1612 jurisdictioni
752 1543 921 1610 magistratus
935 1540 1027 1592 urbani
1038 1540 1158 1594 subsunt.
1213 1548 1255 1598 16.
1273 1564 1301 1598 u.
1320 1545 1383 1596 120.
1401 1553 1428 1597 et
1445 1560 1521 1614 seqq.
1537 1541 1643 1596 Besold.
1666 1545 1732 1596 slies.
1749 1559 1790 1608 pr.
1814 1559 1883 1596 uuor
1902 1544 2027 1596 Kesster.

342 1629 409 1683 Ord.
428 1629 500 1680 Cain.
517 1647 545 1698 p.
568 1631 592 1680 l.
613 1638 632 1683 t.
650 1629 695 1679 63.
714 1634 735 1688 ς.
755 1628 780 1678 6.
802 1629 828 1678 6.
846 1628 934 1694 Myos.
952 1626 977 1676 ll.
995 1626 1051 1680 obs.
1070 1629 1112 1680 52.
1132 1649 1160 1682 ιι.
1210 1634 1311 1688 aedues.
1329 1631 1374 1684 Fit
1391 1640 1417 1684 ct
1442 1629 1521 1697 buius
1544 1629 1679 1700 privilegii
1705 1629 1805 1682 mentio
1830 1629 1859 1680 in
1876 1627 1934 1681 ord.
1952 1631 2030 1696 pulsat,

343 1713 369 1764 2.
387 1713 461 1767 idem
480 1713 610 1782 judicium
627 1721 670 1764 est
687 1711 720 1763 de
738 1708 905 1778 litigantibus
922 1725 1066 1779 eorusuque
1085 1715 1159 1766 solii·
1210 1722 1249 1770 ιιι.
1276 1719 1319 1770 62
1342 1734 1370 1785 p.
1395 1715 1456 1768 126.
1481 1712 1526 1766 ubi
1553 1713 1632 1766 etiam
1657 1711 1775 1778 additur,
1795 1729 1930 1784 quousque
1955 1715 2029 1768 etin

342 1799 511 1865 citatoribus,
529 1809 619 1869 utpote
639 1799 793 1866 inquorum
813 1810 939 1863 persona,
960 1794 1037 1848 modo
1056 1797 1085 1848 in
1105 1791 1183 1852 loco¹
1210 1801 1304 1872 quibus
1326 1799 1405 1854 terris
1432 1798 1538 1850 electori
1559 1797 1607 1850 boc
1632 1798 1672 1866 ius
1698 1797 1855 1867 protegendi
1880 1809 2029 1868 competat,

342 1899 460 1936 camerae
478 1892 628 1954 praesentes
642 1881 712 1943 siut,
727 1881 817 1949 ibique
831 1897 891 1932 suae
911 1881 950 1932 rel
968 1897 1071 1934 suorum
1087 1885 1161 1953 prin·
1213 1885 1291 1941 rerba
1308 1885 1390 1940 dictae
1407 1882 1495 1938 outiu.
1515 1890 1635 1934 sesemet
1658 1880 1771 1934 limo-i.
1795 1901 1824 1952 p.
1841 1882 1861 1936 Ι.
1880 1883 1907 1935 3.
1924 1900 1986 1953 cup.
2004 1884 2030 1934 9.

343 1967 468 2038 cipulium
495 1968 551 2020 litis
575 1965 767 2038 promovendae
790 1981 862 2016 cussss
886 1976 1097 2031 commorentur,
1115 1986 1159 2021 ea-
1212 1987 1240 2020 n.
1260 1968 1308 2020 83.
1909 2015 1912 2022 ,

344 2069 434 2106 merae
449 2051 599 2120 jurisdictio
620 2047 723 2102 lundata
745 2057 786 2100 est
803 2050 890 2116 lllyns.
902 2064 926 2101 e.
944 2048 963 2098 l.
982 2047 1060 2101 Blom
1088 2067 1164 2118 prce.
1246 2049 1381 2120 Ejusmodi
1406 2044 1537 2104 artificum
1563 2047 1739 2119 protectiones
1764 2048 1831 2103 olim
1858 2067 1911 2102 non
1943 2049 2024 2104 inire·
2044 2050 2085 2100 16

343 2155 414 2190 cuin.
431 2137 471 2191 tit.
491 2137 534 2190 26.
552 2137 576 2204 §.
595 2136 620 2187 6.
640 2134 705 2186 Com
725 2146 808 2188 nutem
833 2133 872 2184 illi
896 2132 1032 2202 litigantes
1051 2153 1080 2188 ac
1100 2153 1160 2204 pra·
1211 2145 1322 2206 quentes
1342 2135 1437 2200 luisse,
1457 2129 1657 2192 confirmantet
1680 2133 1748 2197 alia,
1767 2141 1872 2200 praeter
1892 2133 1935 2200 id,
1959 2133 2029 2203 quod

343 2238 406 2274 xeos
424 2219 534 2273 studiosi
556 2221 583 2272 in
602 2235 703 2272 semera
716 2215 880 2270 domicilium
900 2233 952 2269 non
972 2215 1101 2280 babeants
1115 2219 1160 2273 sed
1212 2242 1238 2274 u.
1256 2219 1379 2290 praeced.
1395 2218 1575 2287 alloquimur,
1595 2219 1724 2287 exempla.
1743 2218 1789 2269 Sic
1807 2215 1934 2270 sensilium
1950 2219 2031 2272 brau-

347 2316 480 2373 tamquam
499 2303 661 2357 discedentes
681 2300 720 2353 ibi
737 2301 838 2364 riserit,
851 2299 910 2352 ideo
929 2315 1159 2370 conquestamque
1210 2301 1398 2371 deuburgicam
1416 2299 1509 2354 eodem
1528 2300 1621 2370 modu,
1640 2318 1692 2370 quo
1714 2300 1864 2370 palatinus,
1883 2301 1970 2360 libros
1987 2320 2031 2356 se-

342 2386 463 2452 aetione;
481 2385 527 2438 aed
545 2386 879 2454 illa,quaeexoontructu
898 2383 998 2436 ibidem
1017 2384 1157 2449 celebrato,
1211 2386 1293 2439 rusios
1315 2387 1379 2438 eetti
1407 2383 1520 2450 alicujus
1547 2391 1645 2436 tractus
1671 2383 1699 2434 in
1728 2382 1891 2453 protectione
1921 2385 2032 2450 habere,

341 2471 381 2525 rel
402 2469 495 2526 delicto
512 2469 653 2524 commisso
679 2471 780 2532 oritur.
801 2481 827 2521 et
852 2487 905 2524 non
923 2469 977 2524 nisi
995 2469 1099 2523 ibidem
1119 2485 1159 2522 re·
1209 2467 1328 2523 ostendit
1346 2467 1542 2538 privilegiuma
1556 2464 1696 2536 liudolpho
1708 2467 1744 2520 11.
1762 2466 1876 2536 Georgio
1894 2467 2031 2530 friderico

341 2553 479 2625 periantur
497 2551 634 2607 conreniri
654 2562 771 2622 possum.
790 2552 878 2605 Blum.
897 2571 920 2605 c.
937 2553 957 2604 t.
1212 2552 1360 2606 marchioni
1387 2548 1613 2620 brandenburgico
1642 2565 1810 2617 concessum,
1835 2552 1903 2622 qood
1935 2553 2034 2606 iterum

290 2647 325 2698 16
379 2641 545 2710 Foru,quae
563 2637 653 2692 delioe'
670 2637 780 2705 alicujus
800 2637 900 2690 intuitu
924 2635 1024 2690 milites
1042 2637 1159 2690 surtiuo·
1211 2647 1331 2692 recenset
1348 2637 1437 2691 Limn.
1462 2635 1545 2688 addit.
1562 2635 1600 2686 od
1614 2635 1661 2688 iib-
1691 2635 1757 2688 tte.
1783 2638 1810 2689 ’1.
1835 2636 1946 2691 mlii.
1968 2639 2033 2692 Pari

343 2735 400 2788 tur,
420 2723 552 2793 singulare
569 2739 672 2792 quoque
688 2721 754 2790 quid
777 2721 888 2783 hubent,
906 2720 975 2790 quod
994 2731 1081 2773 nostra
1098 2737 1160 2773 con·
1212 2721 1305 2784 modo,
1330 2722 1468 2776 electorem
1493 2719 1622 2776 Senoniae
1649 2731 1779 2789 tamquam
1809 2721 1916 2796 imperii
1943 2739 2028 2776 mare·

344 2805 506 2858 sideratione
524 2804 593 2858 baud
620 2804 759 2872 indiguum
783 2815 831 2858 est.
856 2803 999 2858 Commode
1020 2821 1082 2859 sero
1099 2820 1159 2856 eum
1210 2805 1351 2870 rebellum,
1372 2805 1569 2859 buccinatorum
1591 2806 1642 2859 der·
1658 2814 1803 2871 trompeter
1820 2806 1933 2874 judicent
1948 2817 1973 2860 et
1986 2828 2034 2878 pa-

345 2887 500 2942 Moleundro
520 2887 547 2940 in
567 2888 585 2942 i.
604 2887 629 2940 2.
637 2887 679 2957 ff
692 2889 725 2942 de
738 2887 795 2957 isse·
808 2889 863 2942 mil.
875 2888 908 2941 ad
926 2886 990 2941 dnus
1007 2889 1101 2943 classes
1120 2888 1166 2943 illa
1217 2897 1322 2942 tronum
1341 2905 1413 2955 ease,
1432 2899 1502 2961 patet
1518 2904 1551 2940 ex
1568 2883 1769 2946 confirmatione
1792 2888 1901 2944 llerdin.
1924 2893 1961 2944 ll.
1980 2893 2033 2946 im·

350 2973 465 3026 militurn
486 2971 581 3024 delicta
600 2971 694 3023 relerri
714 2981 840 3042 possunt,
854 2972 887 3025 ita
906 2979 936 3024 ut
952 2971 1001 3024 ulia
1020 2974 1073 3026 sint
1090 2989 1178 3054 eom··
1216 2984 1299 3044 perat.
1318 2977 1353 3030 de
1371 2975 1432 3029 dato
1451 2975 1628 3046 Reqeuspurg.
1646 2995 1688 3030 ac.
1708 2979 1788 3032 1623.
1805 2995 1882 3050 quern
1902 2981 1946 3032 bie
1964 2983 2035 3038 inse·

346 3056 454 3122 munia,
473 3055 524 3109 alia
544 3054 669 3108 militarie
687 3071 733 3108 seu
751 3055 870 3124 propria.
889 3055 937 3109 llla
956 3054 1165 3128 dicimus,quae
1215 3075 1348 3112 rerecum
1366 3059 1599 3133 nimiskprclixnm
1619 3059 1732 3116 loretb
1758 3066 1775 3116 l.
1803 3067 1840 3118 ad
1859 3065 1946 3119 limn.
1965 3079 2033 3123 tom.

347 3139 428 3192 etiam
455 3139 483 3193 in
508 3139 625 3210 reliquos
649 3138 771 3191 immines
797 3155 850 3191 noo
876 3139 976 3191 milites
999 3137 1114 3204 cadunt,
1138 3149 1166 3194 et
1215 3142 1240 3194 2.
1259 3140 1342 3196 addis.
1360 3145 1398 3198 ud
1414 3142 1461 3195 tit.
1480 3144 1506 3196 3.
1524 3161 1589 3210 cup.
1610 3146 1653 3197 10.
1668 3165 1695 3198 ιι.
1712 3147 1756 3200 27.
1776 3149 1946 3204 remittimus.
1967 3153 2034 3206 Pro-

345 3221 530 3275 enmmuuibns
556 3237 646 3274 rerum
664 3220 843 3273 criminalium
871 3221 982 3288 judiciis
999 3217 1164 3288 coereeuuu,
1214 3225 1351 3280 tectionem
1380 3242 1483 3298 quoque
1507 3223 1648 3296 figulorum
1674 3227 1720 3285 des
1738 3230 2032 3300 Huffirerlsoudwemlss

346 3316 379 3380 ut
396 3303 588 3371 homicidium,
606 3303 781 3367 adulterium,
801 3301 897 3356 lurtum
922 3312 972 3356 etc.
994 3304 1066 3356 llaec
1090 3315 1167 3370 sunt,
1213 3307 1382 3360 commissam
1399 3307 1466 3360 olim
1480 3307 1513 3361 ab
1533 3309 1690 3379 imperatore
1703 3313 1874 3381 sigismundo
1893 3319 2031 3372 nobilissi-

239 3425 243 3439 .
347 3407 414 3460 quae
433 3389 539 3462 proprie
557 3389 590 3441 ad
610 3387 780 3457 disciplinam
800 3385 947 3438 militarem
968 3388 1121 3456 pertinent,
1139 3397 1167 3440 et
1215 3390 2027 3472 maeiamiliseubOll'euburqteatiseatBeaold.tlsea.proet.

348 3483 423 3526 extra
440 3473 564 3528 ordinem
589 3473 746 3540 puniuntur.
765 3469 783 3520 l.
805 3470 831 3520 6.
853 3487 897 3541 pr.
920 3463 953 3534 ff.
979 3469 1006 3520 d
1024 3478 1044 3521 t.
1062 3471 1166 3523 liceum
1216 3491 1280 3529 occe
1297 3477 1510 3530 Kesrlerselsuta.
1835 3531 1838 3538 ,
2020 3529 2024 3538 ,

348 3555 504 3610 delictorum
523 3556 627 3624 longum
646 3555 790 3621 catalogum
816 3563 932 3606 recenset
947 3553 977 3604 Μ
997 3551 1117 3606 destinas
1136 3552 1165 3604 iu
1253 3557 1400 3630 Antequam
1417 3561 1473 3614 sela
1490 3559 1688 3618 dissertationis
1705 3581 1778 3620 meae
1794 3570 2030 3637 cnutmbam,aiu.
2051 3579 2091 3631 19

348 3639 368 3691 l·
388 3637 413 3690 3·
430 3655 476 3706 ιη’·
495 3644 518 3700 l·
531 3637 556 3687 2·
567 3647 593 3690 ⁶8
611 3655 683 3708 “w-
703 3633 855 3704 Cuiusmodi
874 3643 938 3688 ⁸⁰¹¹!
955 3633 1076 3688 deterere
1094 3634 1167 3688 mill·
1216 3640 1458 3712 qulsriatquaedsm
1472 3643 1606 3698 lilarcliiae
1623 3644 1679 3700 lora
1697 3646 1782 3704 adbuc
1800 3655 1927 3724 tangenda
1944 3669 2032 3713 eruut.

348 3721 431 3790 tium,
450 3721 593 3776 stationem
611 3722 638 3774 d.
656 3721 676 3775 1:
694 3721 720 3772 3.
738 3727 760 3783 ς.
780 3721 806 3772 ii.
825 3717 988 3786 transfugere
1006 3719 1032 3772 d.
1051 3719 1104 3786 l.§,
1122 3720 1166 3772 11.
1215 3721 1338 3777 oomnis
1356 3724 1385 3777 iu
1409 3725 1493 3780 reteri
1518 3727 1656 3794 diarchia,
1673 3738 1702 3782 et
1724 3733 1833 3803 quidem
1859 3738 1889 3790 iu
1906 3739 2034 3798 districtu

352 3805 439 3876 surgam
460 3805 488 3858 iu
506 3802 561 3859 acie
579 3803 696 3876 primum
717 3801 801 3856 faeere
819 3803 906 3865 i.ii.§.
920 3803 979 3855 sd.
991 3811 1009 3853 t.
1028 3802 1169 3857 enunciare
1218 3804 1351 3862 Sehuseuo
1369 3819 1395 3862 et
1412 3809 1564 3866 Werlsensi
1585 3814 1716 3882 singulare
1737 3819 1882 3886 judicium,
1899 3826 1968 3892 quud
1988 3847 2033 3881 ro·

351 3887 475 3944 hostibus
491 3889 617 3952 consilia,
636 3895 663 3942 et
680 3885 823 3940 exercitum
841 3883 954 3954 prodere
972 3883 1035 3938 (1.1.
1054 3885 1079 3936 6.
1097 3892 1120 3948 §.
1140 3889 1167 3941 1.
1216 3899 1292 3945 catur
1308 3891 1437 3962 Budding
1452 3895 1509 3947 auct
1523 3897 1663 3967 Lodding,
1682 3898 1728 3953 ubi
1746 3903 1861 3972 primum
1880 3905 1945 3958 illud
1962 3910 2035 3977 judi·

353 3981 381 4024 et
403 3975 478 4044 plura
502 3973 561 4026 alia.
588 3971 672 4023 Prcut
695 3971 783 4040 itaque
804 3967 897 4020 delicti
919 3965 1031 4036 qualitas
1052 3975 1105 4033 est,
1132 3967 1170 4022 ita
1218 3974 1289 4028 ciuus
1309 3977 1479 4030 summariam
1498 3993 1633 4034 musarum
1652 3983 1830 4052 cognitionem
1855 3991 1990 4058 continet,
2008 4005 2034 4048 er

350 4057 528 4127 competentia
546 4054 597 4109 lori
614 4069 717 4124 qnoque
732 4049 894 4105 aestimanda
910 4049 971 4104 erit.
983 4049 1014 4103 Si
1033 4051 1106 4104 enim
1119 4051 1170 4104 mi·
1218 4055 1325 4126 quidem
1343 4076 1397 4112 aon
1414 4061 1562 4129 promiscue
1581 4065 1609 4116 iu
1623 4065 1766 4136 omnibus,
1778 4069 1824 4124 sed
1842 4074 1932 4126 aultem
1952 4077 1982 4128 iu
2001 4079 2034 4130 li·

353 4139 431 4194 litare
449 4141 484 4194 ait
501 4140 644 4202 delictum,
662 4139 719 4204 ejus
746 4134 863 4206 cognitio
886 4150 939 4186 non
962 4131 1016 4186 nisi
1037 4135 1069 4188 ad
1089 4135 1167 4204 magi·
1218 4138 1646 4215 quidiscausis,reliqueeenim
1667 4148 1844 4219 adjudicium
1872 4160 2036 4227 propinem,

354 4232 421 4276 atros
440 4222 556 4276 militum
574 4221 691 4291 pertinet
708 4219 727 4270 t.
735 4219 767 4289 f
783 4235 823 4285 pr.
841 4220 907 4272 nde
921 4217 976 4287 jur.
996 4215 1074 4271 milit.
1090 4216 1169 4282 aueo,
1216 4221 1365 4298 pertinent,
1383 4241 1433 4294 qua
1446 4221 1604 4295 'cognitione
1621 4229 1688 4286 lauta
1706 4235 1735 4286 iu
1752 4236 1836 4298 altero
1856 4238 1920 4293 illud
1938 4259 2035 4296 saecu.

353 4313 384 4356 ut
402 4303 547 4357 mittendus
570 4311 710 4376 propterea
734 4301 773 4354 sit·
792 4301 871 4354 miles
897 4301 929 4353 ad
948 4317 1011 4354 eum
1035 4300 1169 4371 magistra·
1218 4305 1284 4359 sioni
1310 4308 1454 4363 mandetur.
1485 4311 1549 4364 Wur
1573 4311 1602 4366 iu
1627 4315 1738 4387 Bodiug
1760 4322 1931 4394 anagettaget
1948 4329 2020 4382 wiri

351 4398 424 4453 tum,
444 4387 492 4440 acb
510 4405 561 4457 quo
579 4387 707 4442 militarit.
726 4387 744 4439 l.
762 4385 788 4436 9.
806 4385 840 4439 de
856 4384 960 4445 custod.
978 4401 1047 4440 reor.
1067 4387 1085 4438 l.
1105 4387 1129 4436 1.
1148 4403 1170 4438 e.
1219 4389 1268 4443 bat
1283 4400 1412 4458 puratum
1431 4395 1663 4456 remotionems'n
1681 4400 1813 4474 lodding.
1833 4409 1884 4459 eid.
1901 4369 2034 4466 doaetrina:

353 4467 387 4523 de
404 4469 495 4522 exiiii.
513 4481 539 4524 et
557 4469 654 4523 remise.
672 4469 733 4522 reis.
752 4469 801 4525 Sin
819 4486 879 4523 sero
902 4485 1041 4522 commune
1058 4479 1084 4522 et
1097 4477 1170 4522 extra
1219 4471 1351 4538 Friderioi
1367 4476 1487 4529 electoris
1501 4477 1641 4548 Hqffisaud
1656 4461 2036 4566 neumasiensi-Oremug

352 4554 505 4608 militinma
524 4555 607 4609 milite
624 4555 795 4609 commissum
813 4555 847 4608 ait
859 4553 998 4619 delictum,
1010 4555 1103 4609 eodem
1116 4573 1170 4610 roo·
1220 4553 1271 4609 der
1288 4558 1362 4610 alten
1381 4561 1482 4614 Murci
1499 4563 1532 4616 de
1547 4581 1591 4616 au.
1610 4567 1782 4624 1602610.
1800 4573 1970 4632 commodum
1983 4583 2034 4635 ho,

353 4637 387 4692 alu
407 4637 492 4692 formu
512 4639 638 4704 sortitur,
653 4657 705 4710 quo
725 4639 888 4709 togatus,itu
906 4649 935 4692 nt
951 4641 992 4694 rel
1010 4639 1039 4692 in
1058 4638 1170 4694 looode·
1219 4656 1252 4693 es
1271 4641 1348 4694 celeri
1369 4644 1413 4695 illa
1433 4646 1585 4702 executione
1601 4651 1752 4723 percipiunt
1777 4656 1838 4712 linio
1856 4661 1954 4728 jndicio
1973 4667 2032 4718 sub.

350 4721 427 4785 licii,
446 4722 485 4774 rel
509 4721 554 4774 ubi
576 4721 641 4774 alius
667 4724 810 4792 reperitur,
832 4722 922 4792 puniri
943 4720 1039 4793 possit,
1063 4739 1114 4774 neu
1136 4723 1170 4776 ad
1215 4725 1296 4794 Jecti,
1316 4735 1347 4779 ut
1370 4736 1458 4798 postea
1482 4747 1528 4798 per
1552 4731 1680 4802 integrum
1698 4753 1795 4792 annum
1821 4742 1950 4809 uindicio
1969 4765 2030 4816 pro·

350 4803 535 4872 magistratum
557 4803 701 4856 militarem
721 4803 758 4856 ait
783 4805 956 4860 remittendus
974 4807 991 4856 1.
1000 4804 1058 4875 fin.
1078 4807 1111 4860 de
1127 4824 1170 4859 oo·
1219 4808 1325 4865 rineiall
1342 4827 1392 4867 nec
1410 4812 1504 4885 citati,
1516 4831 1564 4872 nes
1578 4820 1731 4878 executione
1742 4825 1792 4879 elia
1807 4829 1905 4897 grauari
1915 4833 2031 4900 possint.

352 4903 408 4942 cus.
428 4887 553 4942 Schotan.
571 4887 610 4942 cd
626 4889 668 4942 ut.
684 4887 716 4942 de
728 4887 789 4956 iusi.
809 4889 898 4943 Halm.
915 4889 949 4943 ad
969 4893 1018 4947 W·
1036 4891 1077 4942 sis.
1096 4889 1129 4944 de
1140 4906 1170 4943 re

1056 5143 1310 5206 muts.
