4450 6208
232 243 285 300 bib

174 350 271 404 lectur,
290 339 350 393 licet
370 347 469 408 purtem
487 335 549 392 belii
569 336 597 390 ln
617 353 646 388 se
662 333 823 403 suscipient,
842 342 869 386 ιι
896 330 925 382 in
937 329 993 384 bel-

175 425 229 477 lurn
248 423 316 494 quod
337 425 387 494 ipsi
408 432 543 476 autument
572 419 701 486 iniustum
729 435 800 483 esse,
827 413 993 488 proficiscen·

179 521 237 572 tur,
254 506 296 559 cui
315 508 459 559 serstentiae
477 507 555 558 etlaut
575 504 737 556 srrlrsoribere
764 521 814 555 nou
835 501 994 554 dubrternns.

139 595 158 650 8
180 591 229 644 but
248 607 307 643 sero
327 585 428 644 notorii
447 591 545 660 liquet,
577 589 688 654 bellum,
717 587 786 658 quod
807 586 931 640 dominus
958 601 997 654 ge·

177 677 229 739 rit,
248 676 375 744 injustum
395 691 467 737 esse,
486 685 510 726 et
531 672 653 726 vassallus
673 681 777 726 tenetur
801 673 890 740 juvere
910 667 996 720 derud-

178 777 240 812 num
258 759 343 831 quoad
362 757 555 812 slele‘udcndem
577 757 660 828 ipsius
679 772 817 826 personam
834 754 871 804 rel
886 753 996 804 territo·

181 843 269 909 rium,
291 841 374 911 quoad
393 841 566 896 offensionem
586 858 645 894 rero
664 843 719 907 ejus
736 849 825 892 contre
843 853 920 908 quem
941 834 997 885 bel-

181 929 236 982 ium
255 928 372 998 geritur,
392 947 406 980 ι
427 923 543 980 servitiis
562 923 730 977 cassellitieis
748 922 876 974 immunis
888 927 936 974 eet.
951 916 997 970 dd.

179 1011 312 1066 oornruuui
325 1029 355 1064 er
373 1012 404 1062 ed
423 1011 449 1064 sl.
460 1021 516 1062 tex.
530 1007 642 1079 iseud.
654 1009 695 1062 28.

145 1101 161 1153 t
218 1107 238 1164 ς.
258 1098 302 1152 xt.
322 1097 449 1168 Quemvis
468 1111 530 1148 sero
549 1094 671 1147 seesellus
693 1091 829 1144 dominum
849 1087 1000 1158 regulariter

184 1193 276 1238 mntre
296 1197 388 1232 ornnes
407 1180 531 1248 atjuuee
547 1175 651 1244 debeat,
670 1196 683 1229 ι
703 1177 809 1228 ιιιιὶιὶο
827 1185 913 1228 temen
931 1173 999 1242 quod

183 1271 274 1318 contra
294 1263 495 1332 imperatorem,
514 1259 556 1312 rel
572 1259 749 1328 antiquiorem
768 1257 904 1310 dominnm
925 1273 999 1326 prec-

185 1346 329 1411 standum,
350 1345 477 1396 immunis
494 1353 535 1396 est
554 1340 666 1410 istud.
686 1345 711 1394 7.
729 1352 756 1396 st
772 1338 881 1409 Zseud.
907 1341 951 1392 28.
978 1347 999 1403 §-

181 1441 277 1488 eontra
290 1447 383 1484 ornnes
409 1430 459 1482 nisi
480 1440 565 1482 umen
585 1428 729 1497 imperetur
749 1425 886 1480 dominum
906 1424 1000 1475 imme-

182 1530 282 1572 rentem
303 1517 397 1585 injuste
415 1513 605 1586 oppugnaverit
626 1511 706 1566 ttotu.
721 1519 789 1581 port.
809 1511 835 1561 8.
853 1529 882 1562 ιι.
901 1507 944 1560 ut.
957 1508 1002 1562 du.

187 1603 295 1658 Perimes
307 1596 335 1652 in
350 1614 441 1652 reone.
453 1618 512 1670 oup-
529 1598 573 1649 te.
584 1597 692 1668 qm'il.
715 1612 750 1650 sc.
769 1601 858 1648 eontra
871 1595 940 1663 leges
952 1593 1003 1646 im·

185 1683 255 1757 perii
275 1681 483 1738 inurlamentelee
501 1683 533 1735 ed
553 1678 758 1751 impugnandum
782 1678 932 1730 lilrertutero
954 1690 1003 1730 ste·

187 1779 259 1820 tuum
278 1766 403 1836 imperii,
421 1763 490 1835 qrsod
509 1765 673 1834 continuetur
701 1762 730 1816 ln
752 1763 820 1816 hello
848 1762 1001 1824 tricennali,

185 1851 230 1906 ubi
251 1853 319 1903 buna
338 1850 513 1902 cocleeieetica
532 1845 670 1900 sulerends
690 1857 760 1900 eraut
775 1845 886 1898 stetibue
898 1862 1003 1914 erunge·

146 1938 259 2006 plicis,
278 1945 306 1988 ιι
326 1935 418 2002 religio
436 1930 575 2005 pontilicis
593 1929 746 1984 reducendo.
766 1929 817 1982 Sed
843 1939 935 1984 contre
957 1946 1003 1982 ec·

187 2019 326 2092 tiquiorem
346 2018 503 2078 domiuum,
524 2033 586 2070 nom
606 2030 654 2084 per
671 2014 838 2071 substitutum
851 2013 951 2067 ecrrire
967 2013 1002 2064 li·

184 2103 277 2158 oebit?
294 2103 325 2154 ld
338 2101 406 2172 qsrosl
420 2102 475 2154 rult
488 2099 568 2153 Koht.
579 2109 650 2167 port.
664 2101 690 2152 ³.
701 2117 728 2150 ιι.
743 2097 786 2148 ib.
798 2106 824 2152 et
834 2115 886 2164 req·
900 2107 1003 2168 putens,

185 2187 330 2256 entiquiuri
351 2185 460 2254 domiuo
478 2199 509 2234 eo
529 2183 587 2252 ipso
601 2198 653 2236 uon
668 2179 851 2251 praejudicari,
865 2180 1004 2250 posteriori

183 2285 269 2326 autern
288 2273 328 2338 jus
347 2285 419 2320 suum
438 2265 526 2335 (qood
544 2267 664 2336 iniquum
698 2263 784 2330 foret)
808 2283 861 2318 non
893 2264 1006 2320 detrelsi.

183 2356 348 2409 contremere
370 2369 428 2404 sero
450 2351 610 2404 sententium
629 2349 713 2402 multo
732 2350 860 2402 seriorem
879 2363 949 2408 sese,
967 2361 1002 2401 er

184 2459 215 2494 eu
234 2441 332 2510 liquetp
350 2438 421 2506 quod
440 2434 566 2488 dominus
584 2435 717 2504 posterior
730 2431 867 2488 raseullum
883 2431 911 2484 in
925 2431 1006 2488 fidem

187 2526 333 2592 recipiens,
353 2537 468 2584 nerum,
486 2537 537 2588 quo
555 2519 642 2588 priori
658 2520 788 2588 obligetur
799 2525 900 2580 menete
915 2518 1007 2572 tollere

188 2625 241 2660 non
262 2605 392 2677 potuerit,
410 2603 475 2674 quin
496 2602 549 2655 isno
567 2603 690 2656 resultus
710 2602 797 2672 potius
811 2600 925 2652 ridentur
937 2602 1006 2654 stiti-

186 2690 304 2758 quiorern
317 2690 453 2740 domiuum
466 2689 617 2757 excepisse,
635 2703 692 2740 eum
706 2701 784 2738 nomo
795 2683 878 2754 possit
890 2683 1005 2737 animem

152 2787 168 2840 3
190 2793 262 2826 suern
287 2773 424 2826 mediante·
443 2775 591 2842 juramento
613 2769 644 2822 ed
664 2767 795 2822 contrarie
811 2765 936 2832 obligare.
953 2767 1007 2820 Neo

186 2860 290 2920 obstat,
303 2855 371 2928 quod
387 2854 551 2908 solummodo
567 2869 617 2924 per
634 2851 806 2907 substitutum
820 2849 930 2911 eersiate
947 2866 1006 2904 eum

189 2946 289 3010 rulpste
301 2945 367 3013 juris
385 2945 473 3012 regule
493 2941 542 2994 sit:
560 2949 600 3006 nt,
617 2939 686 3009 quot
705 2937 765 3008 quis
779 2953 824 3007 per
836 2937 916 2989 sliurn
932 2935 1006 3003 lucit,

188 3041 234 3098 per
253 3046 279 3080 se
298 3029 383 3096 ipsum
405 3026 499 3078 iecisse
517 3035 637 3095 putetur,
655 3037 773 3094 quaeque
797 3021 951 3092 prsesertirn
978 3023 1005 3074 in

189 3111 294 3164 casibus
312 3111 490 3163 couscientire
506 3108 631 3160 obtineat.
647 3107 683 3160 Ut
695 3117 794 3160 temese·
805 3103 919 3159 notabile
933 3120 1006 3178 pree·

190 3193 315 3261 judicium
329 3193 431 3246 domini
451 3189 627 3259 entiqnioris,
644 3188 713 3261 quod
741 3187 784 3242 hic
799 3199 921 3243 serretur.
940 3189 1006 3262 Ncrp

191 3291 222 3326 eo
244 3275 304 3346 ipso
322 3274 429 3328 domiuo
448 3270 587 3344 posteriori
605 3274 646 3340 jus
664 3289 738 3324 suum
764 3269 928 3336 detrahitur,
946 3289 1004 3326 cum

193 3357 334 3420 damnum,
353 3358 375 3410 si
394 3355 462 3424 qnod
482 3355 573 3419 sentit,
591 3372 635 3409 sua
648 3357 722 3425 culpe
734 3355 837 3418 sentiet,
850 3356 1008 3426 recipiendo

189 3456 258 3501 eunt,
279 3457 358 3511 quem
377 3442 428 3508 jern
448 3439 581 3490 contrerio
600 3439 702 3492 viuculo
724 3437 860 3507 alligatum
885 3454 1006 3505 noserute

189 3523 277 3593 prucis
295 3524 369 3576 euim
385 3540 449 3592 quse
467 3521 511 3573 bie
522 3521 674 3585 sttntiums,
689 3537 781 3590 egenen
796 3521 858 3574 illud
871 3539 1009 3592 argumen·

191 3617 275 3659 torum
294 3607 391 3660 hudutr
411 3605 488 3659 modo
506 3603 598 3658 ttotttt
618 3607 781 3676 profligatum
796 3624 852 3660 esse
870 3625 938 3661 reor.

151 3711 168 3762 ί
225 3691 316 3757 pilll.
331 3689 497 3743 caeterorum
513 3691 571 3758 plus
584 3689 659 3742 dut-ii
673 3690 750 3744 hebet
762 3693 894 3761 quaestio,
906 3710 938 3744 ιιι
952 3707 1008 3746 ras·

191 3777 270 3828 sullus
287 3785 359 3845 pater
377 3793 392 3825 ι
410 3773 525 3827 servitiis
543 3783 631 3826 suestra
649 3771 748 3833 filium,
767 3783 794 3826 et
812 3791 867 3826 sice
885 3792 957 3828 versu
976 3773 1007 3828 li·

191 3864 243 3914 lius
262 3879 274 3911 ι
294 3857 409 3912 seruitiis
427 3869 518 3912 contre
536 3867 636 3928 petrem
650 3857 812 3926 penestandis
825 3857 953 3912 immunis
965 3857 1010 3912 siti

192 3946 250 4000 tton
272 3943 381 4008 desunt,
397 3939 444 4012 qni
461 3938 648 3995 atueuutuu
682 3949 817 4003 tueantur,
848 3940 918 3994 iuter
945 3957 1010 4010 quoe

194 4029 317 4083 Sonsbcc.
336 4023 456 4095 desend-
466 4037 539 4097 port.
554 4028 597 4075 11.
610 4041 638 4074 n.
652 4023 695 4075 ³8.
707 4022 751 4076 39.
769 4021 862 4076 zesins
879 4022 912 4077 de
926 4022 1011 4093 seuit.

193 4131 257 4185 pag.
272 4113 297 4163 ’1.
311 4129 339 4162 ιι.
356 4108 537 4164 80.“8ι11ιιιιὶ.
556 4111 585 4159 r'n
598 4118 640 4160 tu.
651 4105 757 4176 &send
770 4105 813 4156 88.
824 4112 844 4170 ς.
844 4107 901 4176 fin.
913 4120 940 4160 et
947 4108 1009 4160 r'dr'rl.

197 4197 318 4264 Cujacius
335 4205 360 4250 ct
370 4205 475 4264 petrem
485 4194 654 4250 auctoritate
671 4193 764 4246 ιιιινίι
781 4191 921 4264 cujusdam
946 4193 1013 4246 libri

194 4295 360 4352 expungens.
373 4279 463 4334 Primo
481 4277 589 4347 quidem
608 4293 668 4330 essu
686 4275 796 4345 pietetis
814 4275 916 4328 ratione
928 4275 1010 4338 ducti,

196 4381 263 4434 qsrse
281 4381 332 4418 non
353 4361 484 4432 permittit
502 4373 603 4432 patrem
622 4363 727 4432 (utpote
756 4361 828 4424 cuius
846 4375 919 4412 emor
935 4360 963 4412 iu
981 4357 1015 4410 li-

197 4450 267 4500 lium
290 4448 423 4500 munimus
440 4445 499 4514 ιιι)
524 4453 614 4496 contre
644 4441 764 4494 eumdem
795 4442 903 4495 ermeri:
931 4445 1014 4496 sttero

199 4533 264 4586 moti
285 4549 333 4594 eo,
351 4527 418 4600 qnod
437 4523 510 4580 lilius
526 4530 583 4596 jure
600 4525 712 4580 natureti
730 4524 822 4579 rlsbsst
840 4526 910 4594 putri
922 4522 1012 4589 iidem,

197 4613 378 4682 obsequium,
406 4611 554 4676 honorern,
577 4608 684 4662 domiuo
702 4605 773 4662 leodi
791 4623 851 4660 aero
867 4609 924 4675 jure
940 4609 1013 4660 cirili

200 4708 298 4754 tautum
319 4707 370 4749 ete·
390 4695 443 4750 Sed
462 4692 504 4746 bis
522 4704 547 4746 et
564 4688 698 4748 similibus
715 4705 767 4742 uon
785 4689 1015 4754 obstantibut,.ne·

158 4793 180 4846 2
200 4779 314 4850 patinam
335 4789 362 4830 ut
382 4776 511 4830 seniorem
531 4775 753 4845 receptioremqno
769 4772 955 4842 amplectimur
966 4770 1015 4842 (t.)

196 4867 234 4917 ob
246 4863 344 4914 clarum
357 4858 504 4929 teszseud.
516 4859 559 4912 28.
572 4858 602 4912 in
610 4855 663 4927 fin.
672 4855 718 4910 nii
729 4857 773 4911 del.
785 4854 1014 4926 communitati.)

196 4946 266 5016 qarod
283 4943 368 5014 quoad
389 4927 504 5012 primuirn
522 4957 608 4994 cesum
623 4951 696 5011 pater
706 4937 807 5003 filiurn,
821 4941 867 5008 qui
878 4940 1013 4993 domiuum

195 5025 325 5088 oll'entlit,
342 5023 488 5086 strumus,
504 5023 559 5075 eise
574 5023 730 5094 compellere
747 5021 835 5094 potius
853 5023 1013 5076 teneaturad

199 5107 418 5162 eetisleciendum
437 5107 545 5160 domim
563 5105 678 5176 istud.
696 5107 738 5158 tte
757 5106 780 5172 §.
797 5105 823 5158 2
842 5103 969 5168 Proinde,
989 5107 1012 5158 si

199 5191 272 5248 lilius
291 5213 339 5266 pro
356 5191 504 5246 offensione
521 5189 667 5246 redeleoere
682 5189 824 5256 detrectet,
837 5195 918 5259 eoque
928 5188 1013 5244 ‹lomi-

199 5295 248 5334 uue
267 5281 356 5348 ipsum
374 5287 519 5349 oppugnet,
537 5287 608 5347 peter
624 5276 706 5330 etism
735 5285 844 5347 propter
861 5274 1013 5328 inobedien-

195 5364 262 5418 tiern
279 5361 332 5416 lilii
351 5363 433 5416 licite
450 5357 560 5413 domino
578 5369 662 5431 potest
678 5359 825 5430 opitulari,
837 5371 895 5410 cem
907 5362 1014 5430 insuper

200 5449 236 5503 ad
263 5448 315 5501 boo
339 5443 531 5514 rijnranscnti
551 5437 689 5496 fidelitstie
708 5448 843 5505 teneatur,
862 5440 886 5492 b.
894 5440 975 5510 send.
987 5443 1013 5495 t.

158 5563 178 5618 3
197 5531 272 5587 ceri.
281 5541 382 5586 contro
390 5543 508 5584 omnem.
524 5525 605 5580 Casus
621 5543 699 5591 sero,
715 5543 772 5596 quo*
783 5521 856 5580 littus
867 5535 956 5580 oontrs
969 5543 1013 5596 pa-

196 5625 300 5687 rentem
321 5614 418 5669 territe
435 5619 555 5678 tenetur,
575 5611 634 5682 plne
659 5609 765 5664 ridetur
786 5605 950 5667 difficultrtis
967 5609 1011 5664 tu-

586 241 636 295 DE
654 234 885 294 ttttttttbtrttss
904 234 924 290 A
946 231 1123 292 SElll'l'lllS
1142 230 1365 290 FEUDbLlBUS
1383 247 1445 289 nro.

1043 329 1120 392 bere,
1139 345 1196 382 corn
1216 327 1343 382 nimirum
1362 327 1389 380 iu
1408 325 1539 398 decalogo,
1559 329 1633 402 qnasi
1653 331 1681 386 ln
1700 338 1858 410 compendio

1041 413 1108 480 juris
1121 413 1257 476 suturalis,
1270 413 1345 466 nobis
1356 411 1463 466 rlileetio
1476 416 1775 484 perentnmiudlstiucts
1784 429 1859 494 pieac.¹

1043 501 1166 570 cipiatur·
1186 501 1237 554 Sed
1256 498 1443 570 respondetur,
1474 501 1544 571 quod
1567 515 1802 575 praesupponsnrne
1820 526 1860 565 ιι.

1044 602 1111 650 sum,
1124 583 1175 658 epm
1187 598 1259 654 peter
1277 595 1376 638 semota
1396 601 1474 638 runnu
1491 601 1523 640 ex
1541 603 1615 641 eeuse
1635 589 1730 658 injuste
1743 591 1812 648 veuit
1825 591 1859 647 ed

1044 667 1247 738 oppugnandum
1261 666 1406 730 domiuum,
1415 679 1438 722 ιι
1450 681 1639 740 consequenter
1652 673 1734 745 ipsern
1748 677 1859 748 petriam

1044 751 1147 802 susselli
1166 747 1229 813 lilii,
1247 750 1274 802 in
1293 769 1343 822 que
1361 750 1440 821 degit,
1459 763 1482 806 et
1503 755 1541 804 sle
1560 754 1658 825 duplici
1677 773 1711 810 ex
1728 775 1803 813 oense
1825 755 1857 812 fi·

1045 837 1110 888 lium
1131 837 1213 889 teneri
1232 833 1264 886 ad
1283 836 1419 888 ser-sitium
1439 844 1530 890 contre
1550 847 1651 906 patrem
1670 841 1855 908 preestanduns

1045 921 1187 974 asserimus
1202 919 1254 992 (l.)
1270 919 1304 974 ob
1317 920 1489 986 juramentum
1508 917 1648 976 lidelitetie
1666 921 1774 978 «inmitto
1792 941 1863 998 prse-

1044 1006 1139 1058 stitum
1157 1006 1207 1077 (Ξ.)
1223 1007 1258 1058 οΙι
1275 1003 1371 1057 erotitts
1389 1003 1535 1070 vincutum,
1553 1005 1623 1076 quod
1652 1006 1723 1060 inter
1748 1009 1861 1079 petrinus

1045 1099 1070 1140 et
1088 1090 1226 1158 putrioturu
1245 1085 1294 1156 (nt
1310 1085 1347 1139 ite
1366 1083 1461 1139 efferre
1478 1087 1659 1158 lieeet)qrum
1673 1085 1763 1142 filiurn
1776 1100 1804 1144 et
1817 1109 1864 1162 ps·

1046 1181 1112 1222 trero
1131 1169 1280 1224 intercedit.
1299 1170 1401 1224 Patrius
1417 1171 1488 1222 euim
1519 1173 1624 1240 potius,
1651 1187 1729 1242 queem
1761 1173 1865 1244 perenti

1049 1254 1190 1322 parendum
1212 1257 1230 1308 l.
1250 1256 1291 1308 tu.
1312 1251 1336 1328 5.
1357 1256 1384 1307 ’1.
1396 1253 1437 1324 sti
1465 1257 1496 1308 de
1519 1259 1617 1324 ceptio.
1630 1257 1647 1308 i·
1664 1261 1687 1311 i.
1702 1265 1724 1321 §-
1736 1258 1823 1328 llbff.
1835 1261 1868 1314 de

1049 1347 1132 1390 rente.
1145 1339 1175 1392 in
1184 1355 1298 1410 possess.
1311 1340 1377 1392 mitt.
1402 1341 1421 1392 l.
1443 1339 1553 1396 minime
1578 1341 1662 1411 suff.
1675 1343 1817 1418 dereligus
1835 1347 1897 1402 eti

1047 1423 1243 1492 sumpt-furser.
1262 1423 1483 1478 concurrentibus
1500 1425 1570 1478 enim
1590 1427 1690 1482 «luobus
1708 1429 1772 1497 iuris
1792 1441 1867 1484 netu-

1049 1587 1123 1662 osfic.
1135 1591 1180 1646 lile.
1195 1593 1218 1641 l.
1232 1590 1311 1646 circei
1329 1601 1393 1645 sunt
1415 1603 1556 1657 parentes,
1572 1593 1651 1647 citari
1658 1604 1722 1650 eunt
1731 1595 1811 1650 liberi
1818 1611 1868 1653 etc.

1049 1676 1097 1728 eed
1109 1691 1205 1728 omnes
1217 1677 1339 1728 omnium
1351 1674 1496 1730 charitates
1503 1677 1660 1749 solepcm'u
1668 1678 1807 1750 complexo
1816 1693 1867 1750 est,

1050 1767 1078 1811 ot
1091 1771 1197 1822 taceam,
1210 1755 1268 1811 lilio
1280 1761 1437 1830 permissum
1465 1777 1521 1814 esse
1541 1763 1585 1814 teli
1600 1778 1659 1814 essu
1673 1780 1722 1831 per
1736 1764 1865 1818 substitu-

1050 1855 1105 1897 tum
1123 1841 1237 1906 servire,
1255 1847 1295 1897 rel
1312 1845 1391 1898 etiem
1411 1845 1434 1896 si
1454 1861 1506 1897 nou
1525 1846 1604 1910 velit,
1625 1845 1729 1898 &odunt
1744 1845 1867 1915 reiutaree

1049 1930 1093 2000 qni
1113 1929 1187 2000 plura
1205 1925 1351 1993 desideret,
1370 1925 1444 1980 udeet
1462 1926 1544 1982 Kubl.
1556 1938 1629 2000 port.
1645 1931 1670 1984 3.
1684 1949 1712 1986 ιι.
1726 1918 1750 1985 d.
1762 1944 1788 1986 ιι
1796 1950 1868 2008 seqq.

1086 2016 1108 2082 §.
1130 2013 1201 2068 ttttt.
1222 2012 1281 2066 Non
1301 2023 1386 2064 temen
1405 2010 1596 2066 subscribimus
1623 2014 1672 2081 iis,
1689 2017 1734 2087 qui
1753 2013 1866 2072 irlelits-
1886 2027 1902 2076 t

1052 2111 1104 2153 tem
1130 2097 1230 2151 sassalli
1255 2103 1368 2165 eousque
1383 2093 1524 2150 extendere
1542 2107 1683 2164 conantur,
1703 2111 1728 2153 ut
1746 2099 1775 2152 in
1793 2118 1869 2164 ιιιιι,

1051 2201 1102 2256 quo
1121 2183 1222 2236 domini
1241 2191 1268 2236 et
1285 2181 1386 2234 rassslli
1407 2179 1458 2231 rita
1476 2197 1603 2251 peraeque
1623 2185 1799 2252 pertenuem,
1810 2203 1868 2238 ιιι-

1053 2269 1133 2319 essllus
1150 2263 1251 2318 domini
1272 2265 1377 2334 potius,
1394 2283 1473 2334 quern
1493 2281 1565 2316 suam
1585 2283 1736 2321 conterrere
1761 2267 1872 2339 debeam

1053 2351 1081 2404 id
1099 2351 1169 2404 euim
1187 2349 1304 2402 ordinere
1323 2347 1436 2400 charitas
1451 2366 1613 2420 nequequam
1626 2354 1768 2422 permittit,
1781 2364 1870 2426 utpote

1052 2453 1117 2506 quse
1137 2451 1240 2502 semper
1259 2451 1273 2484 ι
1291 2447 1321 2484 ιι
1337 2432 1395 2502 ipso
1415 2431 1511 2502 incipit
1530 2433 1548 2485 l.
1564 2437 1718 2500 proecer.b.
1733 2453 1757 2488 c.
1768 2435 1802 2491 ele
1813 2455 1869 2490 ser·
1889 2469 1907 2521 2

1053 2521 1131 2573 serint.
1151 2529 1176 2569 et
1195 2519 1288 2572 Cicero
1308 2519 1342 2572 tie
1359 2515 1434 2587 offic.
1454 2515 1496 2569 lii.
1519 2520 1543 2570 l.
1561 2535 1623 2586 cop.
1642 2519 1664 2570 l.
1676 2519 1810 2590 principio
1822 2541 1868 2592 ge·

1053 2603 1115 2658 neri
1126 2601 1308 2656 animantium
1327 2601 1405 2654 omrri
1421 2613 1461 2656 ιιι
1477 2621 1494 2654 o
1514 2613 1613 2658 nutura
1632 2603 1777 2671 tributum,
1799 2617 1828 2662 nt
1840 2624 1869 2661 ιι

1054 2686 1134 2740 uitem
1153 2703 1301 2759 oorprupue
1312 2695 1424 2749 tueatur,
1440 2685 1603 2757 declinetque
1614 2707 1647 2740 eo
1660 2707 1731 2757 quoe
1742 2690 1869 2746 corioro

1053 2769 1207 2833 uideantur,
1226 2769 1297 2823 unde
1314 2787 1474 2840 consequens
1492 2783 1532 2823 est
1549 2772 1685 2825 ressellurn
1708 2773 1737 2826 in
1757 2775 1801 2828 teli
1821 2793 1868 2828 oe·

1052 2856 1173 2906 cessitate
1195 2852 1363 2906 constitutum
1391 2854 1546 2906 naturaiiter
1571 2856 1699 2926 obligari,
1725 2866 1755 2910 ut
1780 2859 1868 2928 potius

1053 2956 1113 2993 sune
1130 2955 1206 3007 quem
1226 2936 1326 2990 domini
1346 2937 1423 2989 saluti
1444 2939 1569 2994 consulet.
1588 2937 1642 2994 Nee
1659 2939 1727 2992 obst.
1741 2939 1864 3011 lticjurr·
1885 2961 1902 3010 ³

1054 3033 1169 3072 rneoturn
1187 3016 1325 3072 litettutts
1342 3018 1449 3072 domiuo
1463 3021 1618 3088 praestitum
1635 3021 1744 3091 bsend.
1757 3024 1783 3075 ’1.
1796 3025 1865 3094 quud

1052 3106 1092 3171 jus
1108 3103 1263 3158 senonicum
1282 3119 1385 3174 semper
1404 3105 1555 3157 seruandum
1573 3121 1629 3158 esse
1647 3105 1787 3176 praecipit,
1805 3127 1869 3179 quu-

1054 3192 1103 3243 ties
1120 3189 1216 3258 ubsque
1233 3187 1376 3258 dispendio
1388 3190 1479 3241 salutis
1492 3191 1589 3244 serrari
1604 3199 1689 3260 potest
1703 3207 1757 3258 cup.
1769 3211 1867 3263 quom·
1888 3185 1893 3194 ’

1053 3275 1093 3328 sir
1110 3271 1143 3326 de
1159 3273 1244 3339 poetis
1261 3273 1292 3324 in
1310 3273 1366 3325 seo.
1384 3273 1415 3323 lu
1436 3273 1483 3323 boe
1501 3275 1574 3324 enim
1592 3273 1737 3341 juramento
1760 3291 1865 3344 semper

1053 3358 1186 3430 excipitur
1204 3371 1313 3427 pes-mue
1322 3357 1450 3422 jurensis,
1465 3365 1492 3409 nt
1506 3355 1615 3409 sibimet
1627 3355 1680 3427 ipsi
1694 3357 1776 3427 magis
1787 3377 1866 3428 quum

1055 3439 1163 3492 domiuo
1180 3433 1284 3491 lidelem
1301 3454 1359 3490 esse
1376 3438 1470 3500 licest,
1489 3438 1557 3510 quod
1576 3441 1668 3510 penitet
1686 3458 1761 3495 caus.
1781 3441 1824 3494 2³.
1845 3461 1867 3495 c.

1054 3523 1080 3576 ri
1095 3539 1153 3578 non
1169 3522 1231 3576 lieet
1248 3521 1274 3574 8.
1292 3540 1336 3590 qu·
1355 3521 1382 3574 e.
1401 3523 1551 3592 proximum
1572 3525 1642 3577 enim
1662 3543 1749 3580 mcum
1773 3539 1799 3579 ut
1827 3545 1872 3580 me

1056 3610 1141 3678 ipsum
1160 3607 1270 3677 diligere
1286 3606 1375 3670 debeo,
1394 3619 1434 3661 est
1452 3623 1503 3661 uon
1520 3625 1594 3678 supra
1612 3629 1660 3664 rue.
1674 3612 1786 3682 ideoque
1800 3613 1868 3670 berrii

1057 3691 1182 3745 uttfiuttts
1201 3705 1239 3745 est
1257 3693 1393 3762 responsio
1410 3692 1441 3743 ed
1462 3704 1521 3747 teat.
1539 3697 1605 3761 juris
1623 3695 1734 3751 setulelis
1760 3698 1870 3770 bs'eud

1058 3776 1101 3827 88.
1118 3777 1143 3841 ς.
1155 3773 1208 3844 fin.
1225 3785 1251 3828 et
1270 3778 1294 3826 i.
1304 3776 1385 3846 fruti
1405 3777 1429 3828 8.
1448 3777 1478 3830 in
1493 3793 1535 3849 pr.
1553 3779 1630 3850 quis,
1656 3792 1712 3837 utut
1731 3783 1758 3836 iu
1778 3783 1868 3856 primo

1056 3857 1377 3928 indistinetedieponstur,
1389 3861 1535 3922 ressullttm,
1547 3865 1592 3930 qui
1606 3859 1742 3918 domiuum
1756 3885 1770 3918 ι
1786 3875 1872 3918 morte

1058 3941 1171 3994 liberere
1189 3942 1288 4011 potuit,
1307 3956 1356 3994 uec
1373 3940 1451 4005 lectt,
1471 3941 1543 3996 teudi
1562 3947 1706 4002 emissione
1732 3950 1810 4019 plecti
1829 3949 1873 4004 de-

1059 4023 1135 4090 bere,
1153 4023 1182 4076 iu
1201 4024 1283 4077 eltero
1301 4037 1360 4078 sero
1377 4027 1509 4094 expressis
1522 4027 1607 4080 serbis
1619 4040 1758 4094 sternatur,
1777 4035 1872 4086 rassel·

1059 4109 1113 4161 loru
1138 4108 1275 4160 dominum
1299 4121 1374 4161 suurn
1400 4110 1428 4160 in
1452 4111 1509 4163 scie
1532 4112 1727 4182 periclitantem
1753 4111 1873 4169 deserere

1060 4211 1112 4246 oon
1129 4187 1237 4255 debere,
1258 4193 1309 4244 nisi
1330 4201 1448 4245 mortuus
1464 4193 1505 4249 sel
1528 4195 1561 4248 ed
1588 4209 1698 4249 mortem
1725 4197 1873 4250 vulneratus

1060 4277 1111 4340 sit,
1129 4291 1158 4327 ea
1177 4285 1264 4328 tamen
1281 4277 1368 4329 omnis
1393 4278 1457 4345 quin
1482 4279 1530 4330 sub
1553 4279 1688 4347 praedicte
1709 4279 1873 4334 limitatione

1060 4357 1233 4426 intelligentie
1250 4355 1312 4421 siut,
1335 4357 1457 4410 dubitsre
1474 4360 1614 4424 nonlicet;
1627 4367 1810 4419 minorantem
1826 4385 1870 4420 ne·

1059 4441 1125 4508 sotii
1144 4440 1208 4494 lacit
1226 4441 1244 4492 l.
1264 4443 1289 4491 1.
1308 4447 1330 4502 ς.
1349 4441 1392 4492 88.
1400 4439 1441 4508 ff
1459 4439 1493 4494 cie
1510 4451 1566 4498 soto
1583 4445 1683 4513 ayllon.
1702 4449 1746 4500 ubi
1769 4449 1868 4503 decidi·
1888 4454 1904 4508 i

1062 4535 1118 4590 tur,
1137 4523 1238 4588 certos,
1254 4523 1354 4594 quibus«
1373 4525 1506 4578 incumbit
1530 4531 1670 4582 necessitas
1696 4535 1871 4586 succurrendi

1061 4608 1184 4669 «luminis,
1203 4623 1255 4660 non
1274 4607 1371 4660 debere
1387 4608 1464 4690 saluti
1482 4609 1650 4664 dominorum
1671 4630 1741 4666 susm
1761 4628 1870 4688 antepo-

1062 4707 1133 4744 nere.
1149 4705 1208 4743 uum
1226 4708 1240 4741 a
1258 4691 1339 4743 serris
1357 4689 1389 4742 erl
1407 4693 1544 4746 sseralluro
1563 4699 1740 4766 ergnmenteri
1760 4715 1812 4752 non
1837 4700 1872 4752 li-

1060 4782 1126 4837 oeete
1143 4767 1273 4843 siqnidem
1292 4771 1406 4826 merione
1424 4776 1492 4828 inter
1509 4793 1553 4830 eos
1572 4777 1718 4832 intercedit
1740 4779 1869 4836 differen·

1064 4856 1106 4918 tie,
1124 4872 1181 4910 oneo
1202 4856 1248 4910 ills
1266 4873 1318 4909 nou
1337 4871 1408 4908 secus
1426 4873 1456 4910 ιι
1474 4859 1540 4914 ιΙίιι
1559 4877 1599 4915 ιιι
1618 4863 1728 4916 mobiles
1739 4865 1805 4918 olins
1826 4865 1873 4920 lu·

1062 4938 1204 5005 berentur,
1222 4939 1398 5010 dominusque
1414 4942 1481 5010 juris
1504 4947 1572 4998 ritae
1595 4953 1621 4998 et
1644 4949 1716 5001 necle
1743 4947 1771 5001 in
1798 4949 1873 5018 ipsos

1061 5030 1233 5093 competeret;
1258 5022 1381 5074 sasssllos
1399 5034 1485 5077 autem
1504 5027 1579 5097 plene
1596 5029 1663 5082 liber
1690 5033 1782 5104 suique
1808 5036 1874 5102 juris

1061 5105 1166 5159 esteten
1183 5104 1224 5157 De
1242 5115 1342 5158 cestero
1360 5123 1412 5159 nou
1431 5125 1568 5180 negamus,
1584 5112 1715 5167 lendsbils
1732 5135 1759 5170 ac
1775 5117 1870 5186 glorio·

1062 5205 1120 5244 suen
1138 5187 1245 5241 vassallo
1263 5185 1334 5252 iore,
1351 5191 1373 5241 ei
1393 5193 1512 5245 cernendi
1532 5195 1634 5248 domini
1653 5215 1728 5252 esuse
1755 5211 1867 5254 mortem

1061 5275 1118 5347 ipse
1135 5275 1222 5326 subire
1240 5289 1292 5326 uon
1311 5273 1484 5344 dubitaverit,
1496 5283 1650 5350 preesertirn
1666 5284 1689 5334 si
1705 5285 1788 5338 simul
1802 5287 1872 5354 ejus·

1061 5361 1122 5412 dem
1140 5355 1260 5410 subditus
1278 5355 1322 5410 sit.
1342 5361 1482 5413 Vinculum
1501 5365 1573 5418 enim
1599 5365 1768 5436 subjectionis
1792 5368 1871 5440 louge

1061 5440 1155 5495 lortius
1171 5449 1211 5492 est
1228 5438 1334 5493 vinculo
1348 5443 1506 5498 vassallitico
1530 5447 1615 5512 nudo,
1635 5450 1704 5520 quod
1727 5453 1870 5523 eliqueudo

1060 5523 1234 5578 illustrissimi
1254 5522 1340 5576 bernis
1358 5525 1476 5582 Meuritii
1494 5531 1614 5585 senonici
1631 5535 1753 5590 electoris
1772 5539 1874 5592 ιιιιιΙ-

1059 5610 1114 5662 Ιιιιι
1131 5621 1232 5662 summe
1249 5616 1386 5678 propteres
1400 5611 1594 5687 immortalique
1605 5617 1682 5674 leude
1696 5619 1792 5677 lenisse
1807 5639 1873 5678 ron·

1889 5157 1907 5208 t
