4436 6222
549 259 1024 437 olst’ttrurto
1067 263 1524 436 DUilDECIMA

321 553 424 670 uu
458 555 1041 675 uuuuuuuuuuus
1075 557 1313 672 uuuus
1348 556 1750 684 suuoutau

437 771 752 848 FEUDALIS
772 779 813 848 A
839 779 991 850 toltit
1023 775 1305 852 COMMUNI
1329 775 1627 864 FEUDALJ,

701 985 755 1030 ιιιιι
776 959 852 1034 ιιι.
871 985 1003 1035 ocroaa.
1028 985 1111 1032 suro
1135 983 1332 1030 uncumrx.

835 1167 1225 1217 astruamur!

397 1313 641 1386 cnutstott
664 1319 892 1392 nannoni)
915 1323 982 1392 DE
1005 1318 1248 1394 HOUWALD
1271 1317 1453 1414 EQUITE
1477 1319 1676 1394 austro.

749 1507 1309 1558 ..ψ

935 1677 963 1746 1.
1010 1677 1053 1746 Ν.
1099 1676 1145 1744 D.

196 1825 327 1989 Quod
353 1885 419 1975 jam
443 1899 513 1951 tum
538 1883 775 1954 sacratissimus
797 1895 908 1954 noster
929 1881 1142 1951 Justinianus
1159 1881 1339 1972 imperator
1361 1883 1385 1953 1.
1402 1907 1435 1975 9.
1459 1909 1488 1955 e.
1512 1885 1557 1955 da
1579 1885 1618 1954 tl.
1632 1887 1777 1956 monuit:
1792 1887 1881 1980 leges

196 1976 446 2060 sacratissimas,
470 1999 556 2066 quae
578 1977 831 2069 constringuunt
853 1975 1030 2042 hominum
1054 1974 1135 2038 vitas
1158 1972 1266 2037 intelli
1292 1974 1303 2038 i
1326 1973 1369 2040 ab
1391 1977 1549 2046 omnibus
1571 1977 1710 2062 debere,
1734 1997 1774 2045 ut
1803 1979 1880 2045 uni-

200 2067 285 2133 rcrsi
297 2116 308 2147 ,
333 2067 532 2156 praescripto
556 2087 671 2131 earum
703 2067 909 2134 manifestius
940 2063 1091 2156 cognito,
1115 2061 1169 2130 rel
1193 1997 1336 2129 inhibita
1361 2063 1548 2154 declinent,
1570 2065 1621 2136 vel
1652 2069 1802 2160 permissa
1831 2089 1879 2134 se·

201 2168 349 2242 cteutur3
374 2153 459 2222 illud
483 2177 574 2221 nuuc
597 2155 741 2224 maxime
764 2181 803 2225 eo
827 2155 928 2246 magis
952 2153 1140 2242 unicuique
1164 2152 1398 2220 inculcandum
1431 2155 1508 2222 ideo
1539 2179 1623 2248 opus
1645 2181 1715 2224 esse
1739 2156 1880 2249 judicio,

198 2245 288 2336 quod
314 2267 379 2311 non
404 2256 535 2311 tantum
560 2243 658 2314 hodie
682 2249 755 2338 jure
779 2272 795 2314 a
820 2244 1011 2313 Justiuiano
1041 2241 1262 2333 promulgato,
1286 2244 1343 2311 sed
1367 2243 1510 2314 infinitis
1539 2246 1644 2314 ferme
1666 2244 1882 2313 consuctudi-

198 2337 318 2420 nibus,
340 2337 491 2420 statutis,
515 2335 659 2424 aliisque
683 2335 895 2430 singulariter
918 2333 1056 2424 receptis
1080 2331 1212 2423 juribus
1242 2343 1389 2402 utamur.
1415 2333 1503 2425 Quis
1535 2335 1628 2402 enim
1658 2333 1740 2403 odeo
1764 2335 1882 2426 hospes

201 2445 284 2495 esset
307 2427 342 2492 in
366 2423 632 2516 jurisprudentia
657 2425 1010 2518 romano-germanica,
1033 2425 1112 2514 qui,
1129 2419 1214 2512 quid
1239 2441 1366 2512 praeter
1390 2425 1441 2514 jus
1463 2448 1655 2508 commone,
1670 2427 1883 2512 canonicum,

200 2539 343 2585 recessus
366 2515 499 2605 imperii
522 2539 560 2581 ax
586 2519 720 2586 statutis
750 2515 1007 2606 uniuscujusque
1039 2511 1249 2604 provinciae,
1280 2513 1349 2579 imo
1377 2515 1523 2582 civitatis
1552 2512 1791 2583 addiscendum
1822 2515 1882 2598 sit,

203 2605 356 2699 quotidie
381 2627 448 2672 oon
472 2601 641 2672 observet?
664 2605 752 2674 Sane
773 2605 926 2688 fallitur,
947 2601 1005 2698 qui
1031 2615 1150 2670 statuta
1175 2601 1211 2666 in
1236 2599 1382 2670 biarchis
1405 2606 1542 2687 usitata,
1558 2605 1596 2672 in
1611 2603 1749 2672 Lusatia
1773 2615 1884 2673 nostra

200 2697 333 2764 casibus
355 2694 612 2761 obvenientibus
633 2697 798 2788 applicare
819 2710 973 2774 misatur,
995 2715 1092 2775 cum,
1115 2687 1206 2784 quod
1229 2691 1278 2758 ibi
1303 2693 1423 2774 moris,
1448 2694 1501 2760 bic
1525 2715 1586 2784 pro
1617 2715 1685 2760 non
1709 2709 1839 2783 recepto
1862 2717 1883 2760 a

198 2785 308 2877 judice
330 2801 418 2852 certo
441 2785 619 2874 rejiciatur.
634 2785 731 2874 Quae
752 2810 828 2854 cuns
852 2785 898 2850 ita
921 2808 954 2850 se
976 2780 1134 2867 habeant,
1152 2777 1318 2850 unicuivis
1341 2785 1515 2852 necessitas
1539 2785 1721 2865 incumbit,
1737 2781 1781 2848 ita
1797 2783 1884 2872 juris

200 2874 387 2943 communis
410 2875 524 2940 sectari
548 2873 686 2964 piacita,
705 2888 742 2944 ut
758 2874 880 2966 pariter
903 2872 988 2964 quid
1015 2870 1162 2938 moribus
1184 2869 1430 2962 frequentetur,
1446 2873 1583 2942 sollicite
1605 2874 1775 2964 inquirat,
1789 2895 1884 2964 prae-

204 2965 318 3031 sertim
341 2987 418 3031 cum
440 2965 599 3052 optimam
623 2965 708 3054 juris
729 2962 916 3032 communis
938 2963 1155 3051 interpretem
1177 2983 1248 3027 esse
1270 2964 1546 3030 consuetudinem
1558 3013 1568 3046 ,
1585 2963 1884 3053 auctoritatemque

202 3077 321 3122 rerum·
341 3067 501 3145 perpetuo
524 3053 681 3122 similiter
703 3054 935 3146 judicatarum,
960 3061 1097 3118 testetur
1119 3051 1214 3117 Jctus
1236 3052 1272 3117 in
1296 3051 1320 3117 l.
1347 3051 1402 3118 36.
1427 3067 1462 3120 et
1485 3054 1613 3146 sepff.
1638 3051 1680 3120 de
1702 3053 1744 3119 tl.
1769 3049 1884 3141 Quare

201 3143 377 3212 eonsilium
399 3165 531 3209 mecum
553 3144 639 3211 iniri
664 3145 813 3211 exercitii
836 3140 1012 3211 academici
1034 3139 1105 3206 looo
1125 3139 1170 3206 dc
1191 3138 1392 3234 diffirarrlt'is
1414 3142 1514 3236 juris
1543 3143 1707 3212 saxonici
1717 3141 1890 3228 feudalia¹

201 3261 223 3301 a
242 3235 322 3324 jure
345 3233 671 3322 communiscudali
691 3230 920 3301 conscribendi
944 3229 1225 3311 dissertationem,
1249 3253 1319 3322 quo
1349 3231 1409 3300 isac
1431 3235 1560 3301 ratione
1591 3235 1769 3324 utriusque
1797 3236 1882 3324 juris

204 3325 322 3416 placita
349 3345 415 3389 non
438 3323 552 3391 saltem
574 3323 777 3406 consortem,
801 3322 858 3391 sed
881 3334 915 3388 et
938 3330 1107 3412 perspecta
1130 3319 1213 3386 mibi
1237 3321 1419 3392 redderem.
1451 3323 1547 3406 Tuo,
1570 3323 1671 3390 lector
1702 3323 1880 3405 benevole,

203 3412 297 3480 oculo
320 3415 444 3505 pariter
466 3433 498 3480 ct
520 3414 643 3504 judicio
665 3413 796 3498 dextro,
818 3410 980 3506 quicquid
1004 3409 1064 3476 hoc
1087 3409 1200 3502 exigui
1223 3408 1346 3478 laboris
1368 3429 1432 3495 est,
1455 3435 1600 3503 expono,
1622 3423 1709 3480 certa
1734 3435 1792 3504 spe
1815 3412 1882 3480 sre-

205 3521 273 3586 tus‚
297 3503 382 3590 sore,
407 3520 446 3569 ut
468 3505 673 3594 propositum
695 3527 805 3574 meum
828 3525 894 3572 uon
919 3501 1017 3594 plane
1039 3501 1082 3568 sis
1111 3512 1355 3591 aspernatums.
1378 3501 1473 3569 Deus
1503 3514 1614 3570 aulem
1644 3525 1673 3568 o.
1703 3526 1747 3568 m.
1773 3501 1882 3572 salices

207 3594 329 3664 laboris
350 3617 515 3666 successus
537 3595 704 3686 largiatur.

441 3836 465 3887 S
485 3834 514 3887 U
526 3833 563 3887 Μ
575 3833 612 3887 Μ
624 3831 654 3884 A
672 3831 698 3885 ii
716 3833 735 3884 1
749 3829 779 3882 A
1068 3820 1173 3880 Haeret
1184 3824 1292 3880 stautai
1299 3827 1489 3884 t'aaretlt‘lurasrt
1502 3831 1532 3885 ia
1544 3845 1635 3886 casum
1642 3830 1803 3888 audacitatis
1802 3833 1889 3904 J'euds'

1094 3906 1205 3978 saetam
1218 3921 1308 3965 ratam
1320 3911 1418 3966 tutare
1430 3913 1512 3967 delet.
1529 3933 1558 3968 ιι.
1571 3915 1617 3968 tt.

207 4005 262 4059 Jus
274 3999 393 4072 seudolo
414 3997 532 4068 refertur
546 3995 583 4050 ari
594 3994 639 4066 ius
657 3993 936 4060 consuetudinum,
957 3989 1018 4064 diff
1066 3993 1250 4062 Expectativa
1261 3993 1293 4046 in
1305 3994 1431 4049 haeredes
1442 3997 1649 4052 transmittitur·
1663 4015 1692 4050 ιι.
1705 3997 1748 4050 19!

197 4091 200 4098 '
240 4106 269 4141 ιι.
284 4088 308 4139 1.
1068 4077 1116 4130 Aa
1139 4078 1271 4132 vassallus
1293 4079 1327 4133 ds
1333 4079 1426 4149 sendo
1446 4079 1628 4135 haereditario
1653 4079 1748 4133 testari
1772 4080 1886 4149 possit?

207 4169 274 4241 Quis
277 4165 396 4240 seudum
408 4163 570 4219 constituere
580 4159 769 4232 possitla.2
1104 4177 1131 4213 ιι.
1145 4160 1190 4212 20.

204 4257 248 4310 De
250 4251 382 4323 foemina
384 4249 504 4320 findam
517 4251 703 4303 constituente.
718 4267 743 4300 ιι.
756 4247 783 4299 8.
1068 4241 1160 4297 Filias
1173 4241 1297 4313 defuncti
1307 4243 1416 4298 caudit
1426 4245 1610 4315 quossruetur
1621 4244 1755 4314 rapiant?
1767 4263 1796 4299 ιι.
1809 4247 1855 4299 21:

203 4337 306 4407 Infans
318 4345 344 4388 et
356 4329 567 4404 impuissseuda
580 4346 636 4383 noa
651 4329 835 4383 rorastituuut.
848 4343 877 4379 ιι.
892 4324 918 4377 l.
1068 4331 1116 4384 Aa
1126 4327 1295 4383 collaterales
1304 4327 1333 4382 ia
1347 4325 1432 4394 liudo
1450 4346 1521 4384 noro
1541 4339 1568 4383 et
1583 4329 1698 4401 antiquo
1715 4331 1887 4387 succedant?

207 4421 275 4490 (lasis
280 4417 396 4491 seudum
411 4420 548 4488 acquirere
558 4414 664 4484 possit?
677 4432 705 4467 ιι.
719 4413 743 4464 ii.
1106 4429 1134 4464 ιι.
1145 4409 1190 4462 22.

205 4499 560 4574 Defiudop'urisdicliorsis.
585 4517 611 4549 rr.
623 4497 649 4550 d.
896 4565 899 4572 Ι
1070 4493 1119 4546 Ars
1138 4508 1188 4560 par
1208 4489 1372 4546 dialt'siortam
1398 4492 1504 4562 expiret
1518 4489 1684 4548 simutsaaea
1702 4493 1886 4549 incaustum?

208 4587 336 4656 Superior
354 4586 388 4640 ai
405 4577 662 4654 infitioreseudum
674 4577 792 4650 accipere
801 4585 904 4648 potest.
920 4577 986 4633 ιι.’1.
1107 4595 1135 4628 rr.
1147 4577 1192 4629 23ι

210 4673 256 4724 De
267 4669 405 4740 pubertate
407 4665 529 4738 feudali.
547 4681 575 4715 ιι.
587 4664 612 4717 8.
1073 4668 1123 4718 Aa
1134 4657 1236 4729 singuli
1243 4659 1371 4714 haeredes
1381 4659 1499 4715 vassalli
1510 4658 1605 4730 jurare
1618 4660 1783 4716 teneantur?
1793 4677 1821 4714 ιι.
1834 4661 1880 4714 21.

206 4757 251 4810 De
263 4749 472 4820 turelaseudali.
490 4765 519 4801 ιι.
533 4747 560 4799 i.
1074 4748 1122 4798 Aa
1136 4743 1298 4814 legitimatus
1307 4742 1527 4815 persuisepeeus
1545 4741 1747 4798 matrimonium
1762 4743 1891 4816 instudis

213 4837 331 4908 (leuando
344 4833 470 4889 domiuus
482 4829 595 4885 vassalli
604 4827 747 4898 impuberis
756 4837 831 4882 tator
840 4825 895 4880 rit?
906 4845 934 4882 ιι.
948 4829 992 4879 10.
1109 4825 1253 4882 succedat?
1264 4845 1290 4881 ιι.
1305 4827 1347 4882 25.

208 4929 257 4979 Aa
270 4919 332 4972 aria
347 4927 373 4970 et
384 4926 473 4969 mater
483 4913 592 4969 tutrices
600 4913 677 4968 siat?
685 4931 711 4966 ιι.
726 4914 771 4964 11.
1073 4911 1198 4976 Amplius
1209 4909 1399 4966 haereditatem
1411 4907 1563 4983 repudiare,
1572 4908 1688 4982 stadam
1700 4923 1762 4966 sero
1774 4911 1891 4969 retinere

209 5006 358 5063 Derceita
384 4999 532 5072 hypotheca
555 4999 583 5054 ia
609 4997 687 5052 baasi
701 4993 865 5067 feudalibus
887 5003 1019 5051 talorum.
1107 4994 1306 5062 punctuate.

246 5109 275 5143 ιι.
292 5088 335 5140 12.
1072 5077 1122 5131 Aa
1139 5078 1311 5132 collaterales
1323 5077 1464 5150 repudiata
1473 5073 1755 5147 laaredr’latsfiadum
1767 5077 1891 5134 lraersdi·

215 5174 302 5227 Tutor
311 5171 430 5224 rationes
442 5164 554 5221 reddere
564 5161 759 5231 trasturfirsita
772 5161 871 5217 tulela.
886 5179 914 5214 ιι.
925 5161 968 5212 12.
1109 5159 1208 5214 tarisum
1220 5160 1351 5231 capiant?
1364 5179 1393 5215 ιι.
1405 5163 1449 5215 27.

210 5257 255 5312 De
267 5256 392 5310 cautione
406 5273 424 5308 a
439 5249 589 5304 minoribus
601 5249 727 5302 curatori
732 5245 916 5316 praestando,
929 5263 958 5298 ιι.
978 5240 1020 5297 ll.
1071 5243 1121 5296 Aa
1140 5245 1301 5299 sirrrultarsee
1316 5246 1436 5300 investiti
1449 5245 1597 5302 seeundum
1608 5243 1710 5320 gradus
1725 5247 1889 5319 proximita-

212 5339 328 5411 Quaado
342 5331 684 5401 minoreauitasfiaiaturl
695 5347 724 5384 ιι.
736 5329 780 5380 att.
1105 5334 1159 5378 tem
1177 5325 1206 5380 ia
1215 5328 1304 5397 janda
1321 5329 1483 5384 succedant?
1501 5350 1529 5384 ιι.
1548 5331 1592 5383 28.

211 5427 292 5480 Bona
305 5421 454 5476 immobilia
468 5414 766 5490 qualitatemfiadalem
777 5411 893 5468 talanat
908 5425 1020 5467 soatett·
1071 5412 1119 5466 Ars
1136 5429 1291 5483 praegnans
1308 5413 1406 5472 mulier
1420 5415 1548 5486 destructa
1565 5415 1663 5471 marita
1681 5417 1711 5472 ia
1724 5415 1813 5488 findo
1828 5437 1890 5477 ma·

248 5507 329 5560 rieule
341 5507 469 5558 domiuo.
483 5517 510 5555 ιι.
526 5501 570 5555 ld.
1107 5497 1186 5550 neat?
1203 5515 1229 5550 ιι.
1249 5497 1293 5551 29.
1929 5559 1933 5570 4

210 5593 261 5646 Aa
269 5605 351 5656 pares
362 5588 456 5642 catriae
472 5583 633 5642 mamitus-a
650 5579 730 5638 bodie
747 5587 867 5636 ultratus
879 5577 1024 5636 adhibendi
1070 5580 1118 5633 Aa
1137 5581 1272 5634 vassallus
1281 5579 1401 5652 seudum
1426 5599 1483 5636 ιιιιι
1500 5581 1639 5652 possidens
1657 5581 1829 5642 investituras
1845 5601 1887 5639 re·

246 5670 319 5728 sirati
331 5689 359 5724 ιι.
370 5671 418 5726 17.
1106 5663 1279 5722 uaruicum
1290 5675 1380 5740 patera
1398 5667 1537 5724 terreatur?
1554 5681 1581 5720 a.
1599 5665 1644 5722 3οι
