4390 6198
257 214 311 268 dil
632 212 682 268 lili
700 211 925 270 euronotum
941 215 1044 272 illllld

187 307 299 365 torieiis
317 308 451 380 tsssuqott.
462 309 586 380 Ejusdem
607 311 706 366 tenoris
724 327 879 382 responsent
897 315 1015 368 sceltine·

186 409 255 448 resen
274 395 439 460 heliensium,
457 413 504 450 neo
522 414 574 450 non
593 395 621 448 in
635 397 725 450 οισΙιω
736 415 811 451 reuse
824 398 926 466 collegii
939 399 1014 451 doto·

188 497 255 533 rum
275 480 421 544 ienensitttn
440 483 474 534 de
490 499 560 536 entto
581 483 660 534 1313.
687 497 771 534 mene.
790 483 870 548 meii,
886 493 919 536 tit
937 494 963 536 et
981 481 1016 537 l'e-

187 563 300 616 eoltetis
317 564 445 632 juridicus
463 565 673 620 helmstadiensis
691 582 750 618 cons
769 565 867 619 Christ.
890 568 1017 622 Richtero

190 647 229 700 tie
247 663 361 702 rueme.
380 650 417 704 ult
435 649 522 704 intest·
535 661 598 732 seer.
617 654 642 703 l.
661 669 684 704 c.
703 654 727 704 l.
746 669 772 704 tt.
792 653 835 704 7¹1.
852 671 954 722 quoque
971 671 1016 706 ex·

189 730 274 786 lsibet
293 732 339 786 tin.
358 733 476 788 Strutius
494 738 523 786 t'n
542 746 597 788 not.
622 737 662 790 ed
681 739 757 790 Aac.
781 738 880 790 Mettis.
903 741 935 790 de
955 755 1015 794 rne-

188 831 261 870 cesr.
279 834 302 870 e.
324 817 367 869 lli.
386 825 409 880 ς.
428 819 469 872 et.
486 838 512 888 p.
532 821 594 872 330.
607 822 659 876 l’ro
672 821 831 876 stuntttemtc
844 839 905 875 sero
916 835 1016 876 esserto

127 896 165 948 31
190 898 214 950 l.
235 907 294 954 tom
313 917 345 954 es
364 901 454 955 edicto
473 901 659 973 preetorisff.
676 904 752 976 qued
767 907 964 978 comperieris
989 917 1016 960 et

191 982 337 1038 similibus
363 983 493 1050 lexiibur,
522 987 539 1040 l.
559 987 655 1056 diff.
674 990 706 1044 de
726 990 849 1061 pensat
867 991 911 1043 lid.
920 988 961 1062 ff.
982 991 1017 1046 de

188 1065 350 1122 ndnsint'rtr.
380 1079 429 1124 test.
457 1081 506 1123 etc.
533 1079 588 1124 tutu
615 1089 648 1126 ex
674 1075 861 1128 constitutione
883 1075 1015 1127 electoreli

187 1147 318 1204 evincere
334 1166 474 1218 conentur,
488 1155 557 1224 quosl
570 1156 670 1211 scilieet
683 1159 818 1210 extrenels
828 1160 943 1228 eoguetis
957 1161 1016 1214 ideo

186 1242 265 1288 recte
281 1233 424 1306 denegetur
439 1239 551 1308 gerude,
574 1241 635 1310 quie
653 1241 721 1295 benc
738 1252 865 1296 nostretes
883 1261 917 1297 ex
935 1245 1014 1310 locis,

186 1317 239 1368 ubi
259 1317 320 1372 illue
339 1319 448 1390 degunt,
469 1332 495 1376 et
513 1323 556 1390 ins
573 1325 682 1392 gerudee
700 1344 751 1379 uon
776 1327 944 1394 enarretur,
964 1347 1016 1383 nou

185 1403 312 1472 recipere
330 1406 442 1473 possint:
460 1406 559 1477 quippe
576 1427 635 1462 euru
655 1411 810 1464 constitutio
829 1412 901 1466 ultre
924 1414 1016 1486 dispo-

187 1497 240 1540 net
257 1486 325 1557 quoti
343 1490 437 1558 gerede
457 1491 508 1557 isle,
527 1493 572 1562 qui
586 1511 652 1560 eetn,
668 1495 709 1548 rel
726 1496 805 1566 plene
824 1515 894 1562 non,
908 1498 948 1553 rel
962 1517 1014 1553 non

187 1570 320 1642 integrent
339 1575 372 1627 etl
390 1575 455 1628 elios
474 1575 650 1644 trensleront,
676 1581 734 1632 deri
753 1580 870 1634 vicissim
892 1599 944 1635 nou
969 1583 1013 1636 de·

189 1653 263 1708 beet:
281 1655 403 1727 quodque
421 1658 498 1712 serbe
518 1669 676 1712 rtetutoruus
691 1660 780 1716 stricte
788 1661 972 1732 intelligendu,
986 1677 1014 1720 et

188 1747 269 1790 extre
286 1755 375 1792 ereum
396 1737 448 1792 no'n
467 1754 620 1812 expressores
638 1742 707 1796 ltuud
725 1747 891 1800 extendendo
913 1751 977 1804 sint.
995 1753 1014 1806 l.

192 1823 239 1875 sn.
255 1824 283 1876 εἰ
299 1823 453 1892 pnisffitle
471 1841 562 1880 reete.
580 1837 634 1879 nrt.
650 1827 669 1878 i.
685 1827 729 1879 33.
739 1827 780 1898 ff
800 1831 835 1884 de
859 1841 916 1886 tert.
937 1835 1013 1888 milit.

191 1905 307 1978 lnmper
323 1911 402 1963 serbe
420 1900 562 1965 menil'eete
573 1929 629 1965 nec
648 1913 769 1982 etnlsigue
780 1914 956 1972 declsretione
969 1933 1014 1975 ent

194 1993 419 2064 interpretaione
438 2015 490 2050 non
509 1997 657 2066 in'digeent,
675 2000 692 2052 l.
713 2001 795 2068 ΞΜ
809 2005 972 2073 respons-fl.
984 2009 1015 2060 rie

190 2079 216 2148 p'.
236 2078 255 2131 t.
272 2078 291 2130 t.
311 2077 453 2150 l.fin.ff.
476 2082 508 2134 tie
535 2083 590 2136 dot.
610 2085 728 2154 preeleg.
754 2089 773 2140 i.
801 2091 825 2140 1.
840 2089 899 2158 fite.
916 2089 957 2159 ff.
983 2093 1016 2146 tie
1045 2127 1047 2132 ·

192 2161 312 2216 cretione·
329 2181 399 2236 eutp.
417 2166 560 2237 Thomiug.
579 2169 637 2223 dee.
651 2171 692 2224 33.
706 2172 728 2236 §.
748 2173 773 2225 tt.
792 2173 835 2224 33.
854 2175 898 2227 23.
910 2175 1016 2232 Constet

194 2245 293 2300 tleiutie
313 2249 354 2314 ll,
372 2251 440 2318 qood
460 2253 527 2306 bone
542 2255 665 2307 utensilie
685 2273 736 2308 non
755 2260 813 2326 jure
832 2259 1015 2327 lteerediterio,

193 2330 242 2384 eetl
262 2347 294 2384 er
313 2333 485 2404 dispositione
499 2337 627 2406 singulari
640 2341 708 2408 juris
721 2344 839 2396 senonici
851 2343 1013 2410 delerentur.

192 2432 307 2484 qnonsrn
327 2418 371 2470 isti
390 2416 579 2473 dissentientes
598 2437 715 2478 ettotores
728 2438 955 2498 esteresoognetes
969 2435 1017 2488 hoc

193 2501 254 2568 jure
274 2517 326 2554 non
345 2511 458 2566 utentes,
477 2504 611 2575 incepeees
630 2507 786 2576 diiudicent,
805 2514 874 2582 quod
898 2516 926 2566 in
945 2515 1016 2572 iero·

194 2599 254 2638 reru
271 2599 435 2655 eognetertsm
455 2589 637 2643 turonicorum
657 2593 808 2648 introductu
826 2610 924 2663 essent,
938 2613 970 2654 er
985 2621 1014 2656 ee

193 2666 328 2733 libertste,
346 2688 398 2738 qor
414 2671 506 2724 cirites
525 2683 568 2724 eut
588 2675 724 2743 provincie
746 2677 878 2748 indigenis
893 2701 956 2752 pree
975 2685 1017 2738 lo·

196 2751 321 2804 rensibus
340 2754 492 2824 prospicere
511 2768 605 2826 posset.
630 2759 718 2830 Neque
738 2773 793 2814 tunt
812 2773 916 2818 exteres
936 2769 1016 2823 hebe-

196 2851 234 2895 re,
254 2833 362 2902 dieunt,
381 2856 428 2890 cur
445 2853 621 2910 qtteerettlurg
636 2863 695 2899 cum
710 2850 750 2901 rel
764 2848 813 2918 ipsi
836 2852 942 2905 musculi
961 2858 1019 2923 jure

188 2917 321 2979 ⁴seeotsiuo
338 2921 455 2974 eumdem
475 2920 607 2978 lurionem
628 2931 807 2998 experientur.
820 2932 937 2988 Berlich.
949 2949 1018 3007 port.

197 3002 225 3054 3.
243 3003 329 3056 conci.
347 3004 393 3058 ttt.
412 3025 441 3060 n.
461 3005 506 3058 tu.
525 3009 662 3064 Caeterum
675 3016 743 3084 quod
762 3017 811 3072 lll.
829 3021 970 3074 uerendum
984 3025 1019 3077 iit

198 3087 300 3152 sedulo,
319 3089 434 3160 nequid
456 3091 487 3145 in
506 3092 625 3148 insudent
646 3098 711 3165 legis
730 3105 1020 3173 stethnetur.1·ii.c.de

193 3173 224 3224 ll.
244 3189 293 3227 nec
311 3191 376 3244 ques
399 3177 479 3230 eltere
498 3178 539 3231 eit
561 3181 718 3250 prohibetur
739 3187 851 3255 gerede,
869 3192 951 3245 eltere
977 3193 1018 3246 sie

195 3272 289 3311 rursus
305 3260 481 3326 concedeturt
500 3264 518 3315 l.
538 3266 581 3318 1³.
601 3273 623 3328 ς.
641 3270 733 3322 st'rnnl.
740 3271 781 3341 ff
800 3271 834 3327 de
859 3295 950 3330 secur.
971 3286 1019 3330 tut.

196 3344 217 3394 l.
237 3343 263 3395 3.
282 3349 303 3404 ς.
321 3343 400 3397 liberi
406 3343 448 3413 ff.
461 3347 495 3400 de
506 3347 604 3402 donor.
617 3368 732 3418 possess.
747 3368 834 3408 contr.
846 3359 931 3413 radul.
945 3361 1020 3429 Virg.

167 3504 170 3512 Ι
197 3425 333 3494 Pingieer.
357 3441 458 3494 quneet.
483 3431 528 3483 28.
547 3451 575 3486 n.
594 3432 636 3488 tt.
657 3435 683 3486 iti
702 3437 771 3507 qnod
791 3443 972 3512 contingeret,
997 3449 1019 3500 ti

195 3520 306 3575 cognetu
324 3520 448 3566 estrenes
466 3516 614 3570 retorsione
627 3535 679 3570 uon
694 3520 885 3577 excluderetur.
902 3525 1020 3583 Berlictt.

196 3593 225 3642 d.
244 3592 263 3646 l.
280 3609 308 3645 n.
327 3595 369 3648 20.
388 3595 510 3662 Nedum,
536 3602 607 3668 quod
634 3603 680 3657 Ν.
699 3619 731 3656 ex
758 3603 862 3660 illorum
890 3614 1019 3665 renleutie

197 3676 309 3745 gersdee
328 3682 443 3734 essentie
468 3690 496 3735 et
520 3696 609 3754 neture
635 3703 742 3756 prorsus
770 3689 970 3758 immutaretur,
996 3698 1019 3749 si

198 3761 300 3814 intuito
319 3762 505 3832 lteereditetie,
522 3785 573 3838 que
598 3769 691 3836 geretis
716 3771 794 3823 simul
821 3777 956 3831 turonicis
978 3797 1021 3832 ro·

127 3909 131 3917 ¹
195 3848 285 3916 gostis
303 3849 335 3902 ιδ
355 3850 413 3904 eliis
431 3852 499 3904 locis
519 3855 575 3922 jure
594 3856 727 3909 communi
741 3857 881 3923 deiertnrf
895 3863 962 3917 hetto
975 3882 1019 3918 es·

195 3933 295 3986 treneis
313 3937 430 4002 cognetis
449 3933 617 3992 delerendem
634 3954 699 3993 esse,
712 3943 938 4000 existimuremnr.
951 3947 1018 4001 Nem

197 4017 221 4068 ei
240 4029 299 4069 euru
316 4031 436 4072 extrenee
462 4031 571 4089 cogneis
596 4023 624 4074 in
649 4024 762 4078 Saxonis
789 4027 869 4079 simol
895 4030 1018 4085 lteeredee

196 4102 335 4156 tnnsculiui
353 4105 458 4172 generis
477 4103 613 4159 deiunctee
631 4107 742 4160 mulieri
761 4111 937 4178 succederent,
957 4124 1018 4169 tnnc

197 4203 252 4238 uon
270 4187 400 4255 integrent
419 4188 558 4257 gundenis
573 4192 618 4244 sed
634 4201 734 4244 tentum
755 4193 899 4261 portionem
913 4197 1016 4252 ririietu

200 4270 266 4320 slies
284 4271 344 4336 iore
362 4270 541 4324 lteerediterio
560 4286 750 4343 compeeutem
770 4260 928 4346 perciperet,
942 4291 967 4332 et
981 4297 1019 4335 re·

201 4353 283 4423 liques
303 4365 390 4425 peries
408 4357 519 4410 certeris
538 4357 694 4410 lteeredilsoe
714 4359 862 4428 relinquere
876 4375 1018 4432 cogeretur.

199 4441 229 4492 ltl
247 4441 316 4510 quod
336 4459 395 4496 cnm
414 4443 466 4507 jori
484 4442 608 4494 senonico
627 4453 767 4512 repugnem
792 4444 852 4496 ideo
879 4461 926 4497 nec
944 4439 1019 4518 prins

199 4525 369 4580 esserentlttrn
392 4535 466 4579 esset.
490 4524 607 4578 Berlich.
633 4526 679 4580 ull.
706 4527 756 4580 loe.
776 4525 824 4580 cut
851 4531 965 4596 secent,
984 4535 1018 4590 V.

196 4608 265 4673 quod
290 4607 318 4658 id
344 4619 466 4677 cognetee
493 4610 633 4663 texonicte
650 4609 733 4680 gredo
751 4613 852 4665 extenti
879 4615 1018 4670 remotiori

200 4689 273 4742 stt-te
290 4687 494 4762 prse'jutlireret,
514 4693 557 4747 cni
575 4709 636 4762 spes
654 4694 743 4746 otonis
761 4705 822 4765 poet
840 4708 952 4750 mortem
971 4715 1016 4750 ex-

199 4782 303 4828 treneee
319 4787 442 4843 unguetee
458 4778 633 4848 proximioris
652 4779 680 4831 in
700 4789 776 4832 entes
796 4791 925 4852 receptetn
940 4801 1014 4852 gere·

198 4855 260 4910 dum
277 4860 432 4914 connectendi
457 4863 643 4916 intercideret:
670 4879 729 4916 eom
754 4864 849 4933 gertde
873 4866 907 4917 ed
933 4878 1018 4922 estre·

201 4955 278 4995 neem
297 4955 432 5012 eognetetu
451 4959 474 5000 et
493 4947 608 5016 reliquus
626 4947 761 5017 incepeces
780 4947 902 5003 haeredes
920 4949 957 5003 ite
977 4969 1016 5007 se-

197 5027 250 5078 tnel
267 5026 358 5094 delete,
374 5029 528 5100 quelitetem
547 5030 657 5094 emittet,
677 5041 702 5085 et
721 5047 807 5084 rerum
827 5033 1016 5090 haerediteris·

199 5121 260 5160 rum
280 5119 371 5164 oeture
390 5123 580 5178 commutetur,
594 5113 672 5167 tuem.
684 5113 711 5166 d.
723 5115 740 5165 l.
755 5113 863 5168 Nemini
879 5127 964 5170 eutem
977 5119 1018 5184 jus

201 5207 292 5257 entes,
312 5195 351 5246 rel
369 5198 437 5263 quod
457 5213 503 5264 spe
522 5211 554 5248 er
577 5193 783 5250 fideicommisso
801 5205 828 5249 et
845 5197 1018 5253 restitutionis

200 5291 282 5331 onere
303 5277 400 5344 turbet,
424 5279 596 5334 eoierendutn
612 5296 685 5333 esse:
705 5279 823 5334 Contuli.
845 5279 934 5335 Const.
957 5284 1017 5338 Sur.

199 5365 265 5412 torn
283 5361 309 5412 2
325 5373 398 5431 pert.
418 5363 444 5417 3.
463 5383 488 5435 q.
506 5364 549 5417 43.
570 5379 599 5417 n.
618 5365 644 5416 li.
656 5363 726 5433 quod
744 5365 823 5418 etiem
844 5365 901 5436 ipse
919 5369 1016 5422 constt-

199 5442 266 5496 tutio
282 5446 357 5512 eleut.
376 5454 399 5509 ς.
417 5448 462 5502 ult.
481 5449 647 5519 epproberet,
667 5449 730 5500 dum
748 5449 923 5519 disponeret,
940 5469 1013 5520 geru-

1062 209 1168 270 ctttct
1187 212 1454 270 SUCCESSlOliES.
1777 220 1833 278 333

1067 327 1135 368 esse·
1153 311 1257 368 notun
1275 312 1389 383 dettiqoe
1405 313 1460 377 Vl,
1479 312 1548 384 quod
1567 317 1626 385 jure
1647 317 1771 372 uronice
1793 319 1883 374 daed·

1069 397 1155 450 discit
1171 397 1216 454 lile.
1237 399 1262 448 l.
1281 407 1333 450 ort.
1353 399 1397 449 ttt.
1424 395 1490 451 liliis
1514 417 1557 452 res
1580 401 1758 470 expeditnries
1784 403 1888 457 euierre

1069 495 1122 530 nun
1141 481 1317 548 permittetur,
1336 481 1358 532 ei
1379 480 1499 536 helsitent
1518 483 1595 536 iniis
1612 484 1694 549 lucis,
1711 485 1759 536 unt
1774 487 1887 540 trensle·

1070 564 1108 616 tio
1126 565 1253 630 winedi
1272 581 1361 620 rerum
1379 565 1486 620 edoude
1511 583 1614 635 quoque
1639 583 1694 620 non
1719 566 1887 630 conceditnrs

1067 649 1137 718 qood
1154 650 1221 706 ltuoe
1240 653 1423 719 consequentis
1441 651 1474 704 etl
1492 651 1614 720 gersderu
1632 651 1799 718 extendetur,
1817 653 1885 722 glus.

1067 735 1114 790 lei.
1128 735 1242 788 edteaet.
1256 733 1419 802 geres-idid.
1434 731 1609 788 tt't.c.coter.
1622 733 1735 786 ἄρδω.
1750 733 1816 788 n.2.

1113 817 1247 888 Quicquid
1262 819 1417 881 ,te-eneis.
1435 818 1504 872 lteud
1525 827 1622 872 tentum
1641 816 1768 886 ponderis
1784 816 1828 870 ltis
1845 829 1883 866 er·
1904 823 1940 876 32

1072 903 1204 972 gementis
1224 903 1319 966 inesse,
1348 913 1375 954 ttt
1392 903 1435 968 jos
1452 901 1606 956 retonionis
1624 899 1720 953 exinde
1737 901 1795 967 iure
1811 899 1886 952 esio-

1068 1007 1152 1054 oetor,
1173 989 1253 1042 leeile
1268 989 1465 1059 deprehendet,
1481 987 1529 1057 qtti
1549 988 1634 1040 selem
1653 985 1809 1040 retorsionir
1826 998 1886 1036 osu·

1068 1093 1123 1127 sem
1143 1075 1259 1128 erectius
1279 1071 1449 1144 ponderebit,
1465 1087 1530 1140 quse
1547 1077 1601 1122 noti
1619 1085 1652 1122 ee
1672 1067 1789 1138 simplici
1802 1067 1888 1120 diser·

1067 1159 1146 1213 sitste
1163 1159 1278 1227 jurium,
1303 1173 1381 1228 quent
1402 1155 1465 1209 ltsee
1492 1153 1600 1206 resectio
1624 1150 1822 1223 preesopponit‚
1842 1148 1888 1204 trel

1068 1261 1099 1296 ex
1117 1245 1175 1312 jure
1193 1261 1260 1298 noro
1276 1253 1304 1296 et
1323 1241 1415 1310 iniquo
1434 1254 1480 1292 eeu
1504 1239 1533 1291 io
1551 1246 1735 1290 ertrsueorunt
1756 1236 1888 1309 preejudi·

1066 1329 1138 1380 cium
1158 1337 1259 1382 tentum
1277 1336 1373 1380 etetuto
1391 1327 1517 1392 restdtet,
1534 1325 1604 1394 quod
1633 1339 1720 1381 eutem
1745 1326 1774 1378 iu
1794 1335 1886 1378 nostro

1068 1427 1128 1464 reso
1147 1429 1199 1464 non
1218 1409 1434 1482 deprehenditur.
1454 1410 1551 1462 ideliue
1571 1409 1693 1462 sentiunt
1711 1406 1815 1462 mediee
1827 1421 1885 1458 sor·

1067 1491 1298 1564 tislloctoriejorir
1310 1491 1491 1560 neoeici,qni
1504 1493 1680 1562 distinguunt:
1694 1501 1784 1544 utrum
1794 1501 1883 1544 extre-

1067 1591 1114 1629 nee
1133 1587 1242 1646 cognate
1260 1577 1399 1630 deiunctee
1417 1577 1523 1630 mulieri
1551 1577 1642 1632 herces
1666 1577 1746 1630 sisnul
1763 1577 1818 1640 sit,
1838 1589 1886 1628 nee

1066 1657 1111 1713 nei
1125 1663 1217 1716 Priori
1243 1677 1304 1714 essu
1321 1674 1453 1730 eognetern
1475 1662 1610 1730 degentem
1642 1661 1670 1714 iu
1688 1659 1786 1714 esteris
1803 1659 1885 1722 locis,

1065 1744 1111 1796 ubi
1130 1745 1224 1812 gerede
1244 1761 1296 1798 nun
1316 1755 1357 1798 est
1374 1746 1487 1811 usitettt,
1506 1755 1569 1818 pute
1585 1746 1614 1798 iu
1636 1746 1748 1810 Stesie,
1766 1743 1884 1798 Merrlsie

1065 1828 1217 1898 principetn
1246 1829 1459 1898 ltenneitergicot
1477 1845 1525 1882 nen
1544 1847 1597 1882 nou
1623 1830 1650 1882 in
1670 1829 1782 1884 dirersis
1802 1830 1886 1900 ipsius

1067 1915 1197 1969 Sesoniee
1214 1913 1384 1978 eititetibue,
1404 1923 1433 1966 ut
1450 1913 1609 1983 liribergee,
1630 1913 1813 1983 Sennehergee
1836 1925 1884 1966 eto.

1066 2001 1105 2054 erl
1123 2016 1182 2053 eum
1213 1999 1338 2067 indigene
1365 2007 1589 2064 concurrentem,
1614 1999 1654 2051 sel
1679 1997 1760 2052 etiern
1781 1999 1884 2064 solent,

1065 2085 1216 2146 admittente
1236 2084 1376 2155 posteriori
1395 2099 1457 2138 reru
1474 2099 1536 2137 cren
1555 2087 1611 2151 jure
1625 2085 1782 2138 retorsionis
1795 2086 1883 2138 erolu-

1066 2167 1178 2222 dendum
1197 2177 1313 2222 censent.
1341 2167 1423 2220 tute.
1440 2167 1569 2221 Goldbec.
1595 2166 1628 2218 de
1643 2168 1748 2238 genutio
1773 2184 1833 2237 eup-
1858 2169 1883 2221 3.

1067 2273 1095 2309 n.
1108 2255 1150 2306 33.
1164 2255 1207 2306 tt.
1221 2252 1338 2308 lisucltb.
1351 2273 1397 2324 pu.
1412 2253 1454 2305 ld.
1468 2251 1601 2306 Kuiclsen.
1616 2252 1642 2304 ti.
1654 2254 1754 2304 invert.
1766 2261 1840 2320 puri.
1858 2271 1880 2305 e.

1069 2344 1093 2393 l.
1112 2359 1139 2392 n.
1167 2339 1229 2391 tte.
1249 2337 1361 2391 ttcdest.
1383 2339 1478 2391 Pistor.
1498 2338 1551 2390 col.
1570 2337 1596 2388 2.
1611 2351 1694 2389 'enne
1718 2338 1764 2386 tt.
1789 2353 1817 2386 n.
1833 2335 1880 2388 33.

1068 2422 1160 2493 Cerps.
1171 2443 1197 2492 p.
1222 2425 1246 2475 3.
1259 2441 1280 2476 e.
1295 2423 1338 2474 33.
1352 2421 1377 2475 d.
1391 2423 1415 2474 3.
1427 2423 1452 2474 7.
1467 2422 1535 2492 Qnie
1550 2423 1632 2491 priori
1652 2439 1714 2475 orsu
1737 2421 1807 2476 nolle
1829 2423 1884 2475 ini-

1068 2509 1153 2576 quiter
1170 2526 1200 2559 eu
1218 2507 1389 2578 ineeqnelites
1407 2509 1570 2577 reperietur,
1591 2507 1705 2578 indeque
1728 2525 1778 2562 nec
1797 2520 1885 2561 retor-

1067 2590 1166 2662 quendi
1184 2607 1259 2644 reuse
1284 2606 1316 2643 es
1342 2591 1453 2643 dit-ersis
1477 2593 1569 2644 seltem
1593 2591 1697 2658 juribus
1723 2609 1754 2644 ec
1780 2593 1886 2646 stetutis

1068 2677 1145 2730 edsit.
1162 2675 1232 2732 Licet
1251 2675 1324 2728 enirn
1342 2675 1436 2744 gerede
1466 2675 1560 2727 incolis
1582 2675 1780 2744 prosincierttns
1807 2694 1886 2731 esto·

1070 2759 1189 2813 niosrum
1208 2777 1241 2812 ex
1259 2760 1321 2813 istis
1339 2769 1365 2811 ct
1384 2758 1519 2811 similibus
1538 2759 1612 2823 lueis,
1632 2761 1676 2810 ulti
1691 2763 1732 2829 jue
1747 2777 1888 2816 commune

1068 2845 1155 2913 riget,
1176 2843 1325 2898 nuntietur
1354 2853 1383 2896 nt
1405 2843 1521 2912 gereds,·
1544 2853 1660 2896 ettemen
1686 2855 1710 2896 nt
1737 2844 1887 2900 lteerrdites

1071 2929 1167 2981 iisdem
1187 2948 1239 2983 nott
1259 2929 1409 2995 denegetnr3
1431 2929 1453 2980 si
1473 2925 1552 2981 modo
1576 2925 1714 2979 deiunctee
1732 2929 1775 2980 rel
1793 2929 1826 2982 ιδ
1845 2931 1890 2981 itt-

1070 3025 1182 3079 testeto,
1199 3017 1240 3068 sel
1259 3031 1290 3066 es
1309 3013 1404 3064 ultime
1425 3013 1556 3066 roluntete
1581 3009 1735 3064 sttccedtnt:
1753 3029 1821 3081 quee
1838 3029 1889 3078 res,

1070 3111 1100 3153 ot
1118 3101 1247 3153 similiter
1271 3097 1309 3150 'ed
1335 3107 1471 3151 esttenete
1490 3107 1610 3165 eognetes
1636 3096 1693 3163 jore
1719 3093 1889 3150 successionis

1070 3183 1188 3246 redeant,
1208 3192 1309 3235 tentum
1331 3181 1411 3244 eltest,
1430 3188 1459 3231 ut
1478 3179 1581 3234 retione
1599 3191 1624 3234 et
1641 3180 1774 3250 sequitete
1788 3179 1889 3230 discre-

1070 3275 1134 3336 pet,
1155 3265 1269 3335 indeque
1295 3262 1447 3317 retorsione
1475 3281 1541 3334 opus
1559 3265 1615 3330 site
1635 3273 1663 3317 ut
1681 3280 1783 3333 quoqne
1800 3263 1888 3314 edicto

1072 3347 1204 3420 preetoris
1233 3361 1256 3404 et
1282 3347 1470 3400 constitutioni
1489 3348 1622 3402 electortli
1653 3346 1727 3402 uelde
1753 3355 1891 3416 repugnet.

1074 3437 1127 3490 lies
1147 3453 1207 3489 sero
1227 3451 1260 3487 cr
1279 3430 1384 3488 illorum
1405 3433 1537 3485 sententie
1555 3448 1630 3484 secus
1646 3449 1675 3483 se
1694 3431 1795 3497 heltent,
1815 3431 1836 3484 si
1852 3432 1892 3499 jn·

1071 3528 1114 3570 ste
1135 3519 1307 3589 posteriorem
1326 3533 1413 3570 cesum
1441 3525 1547 3584 cognete
1574 3525 1698 3568 extranee
1731 3531 1784 3567 tson
1808 3515 1889 3568 simol

1071 3601 1207 3656 deiunctee
1227 3605 1318 3656 luteres
1336 3603 1446 3665 eristen
1464 3597 1534 3668 qttotl
1559 3610 1618 3653 tnnc
1640 3617 1692 3651 non
1712 3599 1822 3663 bebret,
1845 3615 1892 3652 cut·

1071 3686 1103 3739 de
1122 3686 1283 3740 successione
1305 3683 1414 3754 gersdee
1437 3683 1488 3737 sibi
1503 3685 1637 3754 preecluse
1657 3695 1808 3752 quercetum
1829 3700 1890 3738 cunt

1072 3771 1138 3822 benc
1156 3784 1205 3820 nec
1221 3784 1302 3838 penes
1321 3785 1348 3820 se
1363 3765 1391 3819 in
1403 3767 1482 3820 rebus
1493 3767 1676 3822 haerediteriis
1688 3769 1826 3832 obtinere,
1842 3785 1892 3823 neo

1071 3855 1099 3906 in
1120 3852 1233 3906 Sasonis
1252 3853 1355 3904 ricluse
1374 3852 1436 3905 inde
1455 3851 1622 3919 iniquitatem
1643 3852 1812 3921 praetendere
1829 3869 1890 3921 pus·

1071 3937 1116 3990 sit.
1143 3937 1232 4007 Quid,
1257 3937 1326 4006 qnod
1351 3937 1414 3988 elius
1441 3935 1538 3989 incolis
1562 3947 1587 3988 et
1612 3937 1731 4005 cognatis
1758 3935 1892 3992 turonicis

1070 4021 1138 4074 hecti
1165 4037 1254 4091 perum
1277 4022 1516 4090 preejudiceretur,
1542 4020 1640 4090 qnippe
1664 4038 1729 4090 quee
1754 4039 1807 4073 uon
1829 4022 1889 4074 exi·

1069 4115 1169 4158 stentes
1188 4104 1311 4158 lteeredee
1326 4104 1352 4156 in
1367 4107 1464 4159 exteris
1477 4103 1555 4168 locis,
1569 4106 1613 4156 otri
1633 4108 1704 4158 nolle
1723 4115 1758 4158 eet
1776 4105 1891 4174 geretis,

1070 4187 1140 4238 nihil
1159 4203 1267 4256 prorsus
1289 4197 1380 4258 petere
1403 4189 1528 4241 solerent.
1556 4187 1683 4258 Cerpnos·
1705 4205 1731 4255 p·
1758 4189 1782 4240 3.
1801 4205 1825 4243 e.
1844 4189 1893 4241 33.

1071 4270 1127 4340 des.
1145 4270 1171 4321 7.
1192 4289 1218 4324 tt.
1239 4273 1265 4322 ³.
1284 4271 1309 4322 i.
1328 4271 1353 4322 li.

1105 4357 1205 4408 Verum
1227 4353 1250 4405 si
1270 4354 1313 4416 id,
1331 4351 1400 4422 qnod
1420 4369 1462 4406 res
1489 4363 1544 4419 eet,
1564 4353 1701 4419 dicentur,
1718 4353 1766 4408 iter.
1784 4354 1884 4406 limite-
1907 4367 1947 4420 33

1072 4439 1145 4492 lione
1164 4455 1217 4491 non
1238 4438 1348 4505 indiget·
1365 4437 1433 4489 Nutu
1453 4447 1481 4490 ut
1501 4439 1528 4489 hi
1548 4439 1731 4491 dissentientes
1750 4448 1776 4490 et
1795 4439 1888 4492 distin·

1071 4533 1181 4592 gnentes
1200 4521 1243 4576 dd.
1270 4523 1405 4576 nobiscnm
1430 4523 1458 4577 in
1483 4523 1532 4577 itoc
1554 4524 1731 4588 contenittnt,
1748 4523 1820 4594 quod
1845 4523 1887 4576 tli-

1069 4609 1179 4660 rersites
1199 4609 1299 4672 jurium
1318 4625 1371 4658 nnn
1390 4607 1418 4660 iu
1437 4625 1465 4660 re
1485 4606 1663 4674 cotssiderete,
1683 4609 1727 4662 sed
1746 4625 1804 4662 eum
1824 4609 1887 4662 elte-

1070 4691 1126 4742 rius
1144 4689 1261 4744 uisitetls
1277 4702 1305 4743 et
1323 4691 1518 4762 peregrinorum
1538 4693 1635 4760 injurie
1660 4702 1685 4747 et
1710 4692 1806 4746 dunno
1825 4710 1888 4745 ron-

1068 4775 1156 4840 jnnute
1182 4775 1277 4840 lustum
1305 4776 1478 4843 retorquendi
1503 4792 1608 4828 oensem
1632 4774 1802 4845 suppeditet:
1825 4793 1892 4829 cnm·

1068 4857 1133 4910 elies
1151 4875 1185 4911 ne
1199 4857 1308 4927 quidem
1328 4867 1480 4911 extreneern
1499 4868 1633 4928 cognetem
1653 4859 1735 4911 simol
1747 4857 1893 4912 deiunctee

1069 4937 1241 4993 heerediterio
1263 4943 1321 5010 jure
1347 4943 1549 5010 succedentem,
1571 4943 1718 4997 retorsione
1737 4944 1886 4997 immonem

1067 5023 1262 5092 dijudicerent3
1276 5027 1311 5079 ite
1326 5043 1427 5096 quoque
1446 5037 1560 5080 secorete
1579 5026 1758 5079 demonstreri
1779 5035 1866 5098 potest
1878 5065 1894 5096 ,

1067 5105 1134 5176 quod
1153 5107 1230 5160 etintn
1248 5109 1389 5178 posteriori
1408 5128 1470 5164 cetu
1487 5109 1557 5162 nihil
1576 5110 1725 5180 iniquitetis
1743 5129 1773 5164 ee
1786 5112 1890 5168 exinde

1067 5191 1154 5243 nullus
1171 5193 1313 5248 retorsioni
1332 5196 1403 5246 locus
1421 5195 1508 5248 detor.
1533 5191 1606 5246 Nutu
1626 5207 1749 5248 extranee
1771 5205 1888 5266 cogneis

1069 5273 1088 5324 Ι.
1107 5271 1152 5325 istc
1165 5277 1224 5342 juro
1241 5277 1312 5330 cirili
1338 5279 1437 5343 utitur,
1455 5285 1546 5332 contre
1570 5277 1660 5348 qood,
1678 5289 1707 5332 nt
1725 5297 1806 5350 rupee
1822 5296 1884 5350 cup.

1067 5359 1107 5411 11.
1127 5359 1599 5432 n.21.elreqp.detnonstrettinstts,
1613 5365 1657 5432 jus
1674 5363 1830 5417 retorsionis
1844 5381 1884 5418 re·

1067 5441 1191 5508 guteriter
1209 5444 1296 5497 locutu
1313 5461 1366 5498 uon
1385 5445 1495 5499 inserit.
1515 5445 1568 5498 Du.
1581 5447 1667 5500 Strus·
1679 5444 1712 5500 tie
1726 5445 1796 5500 rind-
1807 5447 1883 5518 print

199 5531 259 5582 dem
278 5535 338 5602 jere
353 5535 509 5588 retorsionis
527 5545 669 5600 retentem,
687 5553 740 5588 nou
760 5537 944 5604 tnegistretoi‚
969 5539 1016 5592 sed
1065 5543 1123 5594 ΜΡ·
1138 5528 1179 5579 ¹¹·
1194 5531 1255 5596 attit-
1270 5530 1295 5582 5·
1306 5547 1334 5582 tt.
1349 5532 1391 5584 1⁰.
1406 5541 1431 5586 et
1445 5531 1507 5600 apd·
1522 5529 1567 5582 32·
1581 5547 1608 5583 n.
1624 5530 1648 5583 1.
1667 5541 1693 5584 et
1704 5543 1776 5600 trqq·
1795 5530 1832 5582 Ac
1852 5531 1885 5581 li·

198 5618 261 5674 eliis
285 5618 441 5675 buredibes
464 5619 630 5676 successione
653 5619 787 5692 proximis
811 5621 1014 5692 relinquendum
1064 5623 1106 5665 eet
1124 5612 1165 5665 ll.
1177 5628 1267 5672 contre
1281 5617 1414 5674 cititetent
1428 5619 1486 5688 'pure
1502 5617 1639 5672 communi
1659 5623 1784 5672 mentem
1798 5615 1832 5670 ιδ
1849 5635 1888 5670 ne
