4352 6178
702 369 1295 492 uuauuauto

509 704 692 817 uto
791 703 1445 828 uuuuottuut

721 1123 1269 1182 w-

171 1623 362 1760 Ultimum
394 1690 527 1760 tandem
551 1692 620 1760 sire
641 1703 770 1762 sertum
795 1689 952 1763 volumen
976 1681 1245 1763 dissertationum
1278 1693 1538 1764 academiarum
1573 1691 1639 1762 tibi
1671 1690 1833 1779 exhibeo,

166 1799 247 1868 qaae
270 1784 391 1874 partim
416 1782 452 1850 in
476 1781 692 1850 uniuersitate
714 1779 978 1864 francofurtana,
1001 1783 1121 1872 partim
1154 1787 1255 1853 etism
1289 1786 1325 1852 in
1359 1787 1444 1854 alma
1468 1782 1737 1877 wittenbcrgensi
1767 1781 1832 1852 sub

166 1889 236 1938 meo
258 1870 423 1964 praesidio
445 1895 463 1938 s
487 1871 706 1940 nobilissimis
728 1871 764 1938 ll.
784 1869 973 1938 cultoribus
996 1871 1149 1962 publicae
1172 1875 1382 1944 ventilationi
1406 1874 1572 1964 expositae
1596 1872 1753 1958 luerunt,
1781 1873 1835 1939 in·

165 1961 275 2068 venies
307 1961 381 2044 bic,
405 1960 508 2068 lector
530 1961 707 2044 benevole,
728 1983 812 2067 quae
835 1959 1003 2052 placeant,
1025 1973 1060 2067 et
1082 1985 1169 2054 quae
1191 1963 1396 2056 displiceant.
1418 1963 1642 2070 'Diversorura
1666 1963 1756 2030 enim
1780 1963 1836 2029 ia·

164 2048 1092 2232 t‘s'ttf'ttttlttt,tttlttplttltlttltt
1113 2050 1743 2236 liciliiiui'llliinif‘lllilt
1765 2075 1835 2208 ti?

167 2229 254 2296 teriis
278 2229 332 2297 bie
356 2231 500 2298 tractatis
522 2229 638 2299 usibus
661 2232 729 2298 tuis
752 2229 912 2301 inservire
935 2231 1164 2326 possintsligo
1186 2231 1313 2301 faciles
1332 2235 1556 2326 publicatione
1579 2229 1699 2300 barum
1719 2231 1834 2323 dispu-

164 2318 329 2387 tationum
360 2319 611 2402 abstinuissem,
642 2321 708 2388 nisi
739 2325 837 2388 toties
858 2319 990 2410 quoties
1020 2321 1136 2390 eadem
1158 2346 1177 2390 a
1199 2347 1253 2390 me
1275 2323 1454 2392 desiderata
1480 2324 1616 2408 luisset,
1638 2345 1744 2416 quare
1765 2345 1834 2389 non

163 2403 282 2475 dubito
304 2412 406 2502 sequi
428 2410 508 2478 boni
537 2435 579 2479 ue
602 2429 635 2478 te
657 2412 808 2478 iteratam
833 2431 948 2476 earum
963 2407 1145 2480 editionem
1159 2412 1401 2482 consulturum.
1417 2413 1584 2480 Ultimum
1606 2411 1665 2480 boc
1681 2413 1837 2480 volumen

164 2493 331 2590 inscripsi,
353 2523 421 2568 non
444 2435 533 2592 quod
558 2501 671 2594 plures
694 2521 762 2566 non
784 2511 910 2567 restent
931 2497 1172 2590 disputationes
1203 2502 1240 2569 in
1273 2503 1330 2570 bac
1358 2503 1568 2572 fridericiana
1596 2501 1748 2584 habitae,
1779 2500 1837 2567 sed

163 2587 253 2674 quod
288 2587 346 2656 bas
403 2591 546 2659 rioribus
576 2587 807 2660 voluminibus
836 2591 975 2694 jungere
1007 2611 1073 2656 nou
1097 2590 1230 2673 lubeat,
1252 2616 1329 2658 cum
1358 2597 1425 2685 jam
1447 2593 1482 2660 in
1505 2593 1658 2659 omnium
1683 2592 1836 2659 manibus

163 2693 351 2746 remeatur.
375 2613 424 2747 be
447 2703 526 2748 aero
548 2705 590 2749 ex
614 2679 869 2748 lrancolurtanrs
890 2690 925 2745 ct
948 2677 1258 2772 wittebergcnsibus
1280 2685 1457 2774 quasdam,
1473 2682 1527 2750 hic
1550 2695 1720 2837 tampuana
1737 2681 1835 2748 omis-

162 2787 223 2844 sas,
238 2765 417 2850 desideres,
433 2767 493 2836 boc
509 2771 713 2840 monendum
728 2791 796 2837 esse
809 2767 942 2851 censui,
956 2767 1028 2835 illas
1042 2767 1085 2836 de
1099 2794 1263 2839 concursu
1287 2773 1535 2866 sponsaliorum
1558 2789 1591 2838 et
1639 2768 1837 2840 edessrtio-

160 2877 203 2920 ne
222 2857 411 2950 con'agam
434 2860 606 2929 malitiosa
630 2860 797 2952 adjunctas
819 2881 888 2926 esse
910 2859 1061 2924 tractatui
1085 2857 1128 2925 de
1150 2862 1309 2930 dissensu
1331 2863 1544 2952 sponsalitio.
1561 2861 1613 2928 De
1636 2874 1835 2928 testamento

160 2881 307 3012 vassalli
327 2961 457 3033 autem,
483 2961 520 3017 ut
544 2963 577 3018 et
598 2950 641 3017 de
659 2947 889 3042 prohibitione
911 2945 1137 3018 detractionis
1150 2951 1329 3041 stalaidias
1353 2971 1529 3020 occtamuut
1561 2950 1597 3017 in
1625 2961 1763 3018 tractatu
1794 2947 1838 3014 dc

161 3036 309 3103 cautelis
338 3052 637 3120 testamentorum,
670 3039 732 3104 ubi
759 3037 859 3106 etiam
888 3061 926 3104 es
957 3035 1127 3127 prioribus
1158 3038 1204 3108 ob
1230 3044 1388 3110 materiae
1416 3041 1657 3109 connexitatern
1680 3039 1837 3130 repetitae

160 3141 239 3191 suut
261 3125 504 3216 disputationes
526 3128 568 3196 de
589 3141 793 3198 testamento
809 3151 878 3218 per
896 3143 1155 3219 procuratorem
1177 3129 1310 3214 oblato,
1326 3130 1369 3199 de
1392 3144 1590 3200 testamento
1608 3129 1835 3210 rusticorum,

160 3223 194 3278 at
217 3212 262 3282 de
287 3229 493 3286 testamento
515 3219 553 3286 in
575 3221 700 3288 itinere
722 3220 885 3306 consecto.
907 3216 949 3284 ln
971 3215 1135 3286 academia
1157 3232 1271 3288 sutem
1294 3221 1566 3314 witteubcrgensi
1591 3217 1699 3286 adlauc
1729 3217 1837 3286 editae

160 3315 242 3370 sunt
266 3315 337 3374 tres
361 3319 536 3400 sequentes
559 3308 811 3400 disputationes,
833 3307 875 3374 de
899 3307 1055 3375 dissensu
1078 3311 1302 3400 sponsalitio,
1317 3311 1359 3378 de
1382 3309 1541 3380 dissensu
1563 3311 1666 3377 anius
1688 3307 1836 3399 despon-

159 3406 339 3479 sator-um,
361 3397 464 3465 etde
486 3398 647 3468 nullitate
674 3397 902 3476 matrimonii,
924 3417 1012 3490 quae
1035 3395 1070 3462 in
1095 3409 1233 3468 tractatu
1265 3399 1417 3491 superius
1447 3401 1584 3494 allegato
1609 3395 1653 3466 de
1674 3396 1832 3466 dissensu

157 3486 370 3576 sponsalitio
391 3489 597 3644 mappinctim
621 3487 833 3555 exhibentur.
856 3485 959 3553 Plura
983 3506 1051 3550 uon
1074 3485 1180 3575 addo,
1202 3491 1269 3558 uisi
1291 3488 1384 3581 quod
1406 3501 1440 3558 te
1466 3513 1510 3556 ex
1541 3505 1617 3557 roto
1642 3487 1750 3556 valere
1779 3492 1835 3578 ju·

158 3573 271 3644 bearn
298 3577 428 3644 Dabam
486 3577 555 3648 alae
578 3575 865 3672 lllagdeburgicae.
889 3571 1034 3644 Kalend.
1057 3577 1183 3648 octobr.
1207 3601 1296 3650 anrao
1318 3593 1484 3672 reparatas
1506 3577 1621 3648 salutis
1647 3577 1740 3670 ¹7⁰4·
