4390 6198
411 267 464 320 853
961 251 1149 310 DlSl’U'l'd‘l'.
1168 251 1224 304 XX.
1245 249 1361 306 citur
1382 251 1428 302 Ν.
1935 233 1989 294 did

358 371 428 414 lente
446 363 505 430 jure
522 353 646 412 saxonico
670 349 754 423 reperi
774 351 872 421 pussil,
890 349 959 423 qnod
984 351 1033 402 hoc
1051 349 1086 400 sit
1105 347 1170 400 enti·
1220 357 1357 399 utmneas
1374 345 1467 416 qersde
1485 342 1648 407 excluderet,
1666 340 1724 414 ipse
1746 335 1779 394 in
1806 335 1962 398 ciuitatem.
1979 355 2038 407 quse

358 445 451 514 quiue,
469 451 495 496 et
513 440 587 510 prius
606 441 633 496 in
652 438 813 499 Geeeuauie,
830 451 905 506 quarn
925 437 966 504 jus
985 433 1065 486 uirile
1080 431 1168 484 ohser-
1221 432 1277 496 jure
1295 431 1366 483 cirili
1386 433 1479 493 utitur,
1499 431 1626 496 iniuriosa
1645 439 1730 493 esset,
1751 424 1865 494 sibique
1884 441 1914 476 ee
1932 422 1985 474 suis
2002 421 2035 476 ei·

356 537 442 579 retum
462 539 491 576 ee
510 533 659 592 recepturo.
678 537 707 572 ec
726 520 788 572 inde
805 527 926 588 respectu
949 519 1028 584 hujus
1046 531 1095 584 pro
1113 517 1170 582 jure
1221 513 1296 566 sibus
1312 523 1435 584 quantam
1450 516 1576 568 houormu
1594 523 1618 564 et
1635 510 1773 564 interdum
1790 508 1930 576 insignem
1946 517 2039 575 perteus

356 627 424 666 uorc
443 625 495 662 uun
520 607 669 660 hebeudurn
696 607 747 665 site
766 611 895 668 ettamen,
915 611 944 654 nt
968 602 1049 653 simul
1069 601 1170 652 monui·
1220 613 1278 649 curu
1297 597 1395 650 demun
1412 594 1509 650 cirinen
1528 592 1637 646 alterius
1655 589 1774 644 ciuitatis
1788 589 1818 638 in
1830 584 2037 640 successionibus

359 711 435 755 suus,
453 693 485 746 ed
505 692 677 744 retorsioueue
697 705 748 740 nou
769 695 871 740 tentum
889 689 931 755 jus
949 701 1061 748 norum,
1075 682 1120 734 sed
1132 683 1170 735 ei·
1222 691 1367 747 ereoperete
1385 697 1433 732 uee
1452 678 1491 730 sic
1509 693 1588 747 aeque
1606 678 1633 728 in
1653 676 1701 727 hue
1724 689 1810 728 omne
1829 670 2036 723 emolumenturn

357 776 414 828 usui
433 775 554 843 iniqnuru
571 770 843 842 requiritur,exqun
860 784 955 836 nempe
971 767 1001 816 ln
1019 763 1172 835 peregrines
1221 778 1254 813 ex
1272 779 1319 814 sno
1335 761 1471 816 statuterio
1489 762 1562 827 inre,
1580 758 1648 828 qnod
1674 774 1706 810 es
1725 757 1842 809 alterius
1867 751 1987 806 ciritetie
2004 769 2041 804 re·

358 857 482 910 damnum
500 866 527 909 et
546 855 643 923 injurie
662 852 807 914 redundat,
821 851 906 920 quetis
924 849 1052 919 iniquiter
1070 849 1172 914 dejure
1222 855 1296 914 eepto
1313 848 1370 910 iure
1386 845 1459 898 cirili
1479 845 1609 914 percepit,
1622 844 1762 910 pereeuire
1776 839 1959 910 permitteret.
1969 835 2045 888 Unde

359 941 434 994 cirili
454 955 584 1007 nunqusm
604 938 659 990 dici
678 936 784 1006 poterit.
803 936 855 988 llic
879 933 952 988 enim
975 932 1068 985 sedulo
1084 949 1171 984 secun
1222 938 1284 979 tuoe
1297 931 1373 996 hujus
1384 941 1488 998 coquere
1499 927 1591 994 perede
1604 927 1694 995 inique
1706 926 1847 996 preeelnse
1861 925 1961 988 instem
1974 937 2045 992 quae·

360 1023 476 1094 expendi
503 1024 595 1086 debet,
617 1022 686 1089 qnod
713 1037 772 1072 curo
798 1017 990 1083 cirites,quee
1017 1018 1074 1084 jure
1099 1015 1173 1066 cirili
1224 1011 1298 1064 rendi
1316 1030 1417 1087 censen
1437 1012 1547 1068 omniuo
1572 1010 1694 1074 heberet,
1710 1027 1772 1063 eum
1801 1008 1870 1060 haee
1894 1006 1935 1057 illi
1954 1006 2043 1058 endem

360 1111 461 1169 utitur,
479 1105 568 1158 orrsuie
595 1103 662 1155 hune
688 1101 827 1155 defunctee
853 1099 974 1153 mulieris
997 1099 1031 1150 ed
1051 1099 1174 1150 haeredes
1222 1097 1294 1160 iure,
1311 1113 1341 1148 se
1358 1097 1469 1167 reliquie
1487 1095 1605 1164 coquetis
1616 1095 1749 1148 senonicis
1769 1092 1912 1146 debeatur.
1926 1091 2012 1144 Sires.
2022 1090 2046 1144 el.

364 1193 442 1259 hujus
462 1191 658 1258 prosimos,ee
676 1186 745 1237 eires
763 1185 874 1236 elterins
890 1183 1018 1246 ciuitatis,
1035 1199 1099 1251 quoe
1119 1183 1175 1246 iure
1224 1181 1241 1231 l.
1260 1180 1319 1244 epis.
1338 1181 1381 1232 ³³.
1401 1198 1429 1232 ιι.
1447 1178 1473 1230 li.
1493 1180 1566 1251 Qoee
1584 1193 1643 1230 sero
1661 1181 1727 1244 inste
1751 1173 1891 1246 querendi
1918 1187 1995 1226 cause
2012 1190 2048 1226 se-

357 1274 468 1342 peredae
487 1271 582 1334 utitur,
598 1268 749 1331 trandum
763 1285 810 1320 nee
822 1267 926 1321 eieibus
939 1269 1088 1320 suisulleue
1103 1281 1175 1334 pree·
1226 1263 1499 1334 xouieiseoquatisoh
1511 1264 1663 1330 denegarem
1674 1263 1857 1314 retorsionesn
1869 1253 2047 1312 defieitteurn

361 1358 503 1424 reperirem
516 1392 524 1420 ,
537 1371 599 1423 pree
618 1352 766 1406 forensibus
783 1363 812 1404 'et
829 1351 961 1404 extraneis
979 1352 1124 1419 indulgeat:
1138 1367 1175 1400 ee·
1225 1365 1273 1415 pro
1291 1350 1347 1413 jure
1359 1347 1534 1418 retorquendo
1552 1346 1644 1414 iuiqnu
1656 1363 1707 1398 nou
1720 1345 1815 1397 stetiru
1832 1337 1985 1394 hebeuslurn
1998 1341 2046 1404 sit,

360 1441 449 1508 quites
468 1439 597 1508 postulet,
617 1447 644 1488 nt
673 1437 749 1503 hujus
767 1437 838 1488 eires
864 1436 953 1488 cedern
973 1434 1077 1486 inrtnue
1097 1437 1124 1484 iu
1143 1433 1175 1482 ul·
1224 1433 1293 1500 qnod
1312 1434 1367 1486 illie
1386 1451 1437 1487 uon
1457 1435 1490 1486 ite
1510 1431 1662 1500 benigniter
1681 1431 1708 1481 in
1733 1428 1839 1480 exteris
1864 1425 1949 1496 locis,
1967 1441 1995 1476 ee
2012 1425 2049 1493 jus

363 1528 415 1570 tere
435 1521 539 1572 ciritete
558 1518 691 1576 frerentur.
705 1533 752 1569 nec
773 1517 834 1569 binc
851 1519 908 1582 eius
925 1527 1049 1585 cognatae
1066 1515 1175 1582 perede.

360 1601 497 1660 statutariu
522 1605 597 1669 jure,
617 1602 645 1652 iu
673 1600 723 1652 hac
748 1601 854 1654 civitate
879 1601 1044 1660 introducta,
1064 1599 1176 1668 unquam

364 1687 543 1740 esetodeoeoe.
569 1685 603 1738 lit
624 1687 744 1754 quemvis
767 1685 804 1737 lll
839 1686 938 1738 iueulse
961 1686 1095 1746 ciritetis,
1113 1701 1178 1750 equee

363 1771 422 1836 jure
446 1772 557 1840 gerulae
578 1769 678 1833 utitur,
697 1780 747 1822 tem
776 1769 802 1820 in
820 1785 930 1835 gruere,
948 1784 1025 1836 quern
1046 1768 1074 1816 iu
1093 1769 1179 1836 specie

364 1853 556 1916 consideratae,
575 1853 703 1904 nimirum
721 1861 858 1920 cogitetur,
878 1867 960 1921 penes
976 1851 1100 1913 alterum,
1113 1863 1179 1917 quse

364 1937 407 2001 jus
426 1943 528 1987 tentrun
547 1934 625 1986 uirile
641 1933 779 1996 observet,
797 1951 848 1986 nou
864 1936 915 1985 uisi
929 1935 1072 1988 existentes
1090 1935 1179 1985 haere·

367 2017 531 2086 dereliquid
559 2017 656 2071 lucreri
684 2027 710 2070 ct
728 2018 846 2086 recipere
872 2029 994 2085 potencie
1013 2033 1073 2069 curn
1092 2025 1180 2068 contre

364 2103 458 2170 gerede
477 2103 510 2154 ah
530 2103 574 2155 ille
593 2105 701 2157 ciritste
720 2105 747 2154 in
766 2114 899 2156 extranees
917 2113 1049 2171 cognatas,
1064 2102 1124 2154 lieet
1136 2101 1179 2150 de·

369 2185 472 2238 iunctae
492 2188 599 2239 mulieri
613 2205 665 2240 eron
678 2189 756 2238 simul
771 2188 947 2243 haereditario
957 2190 1012 2254 jure
1026 2186 1180 2246 suecedent,

368 2267 542 2321 trenslerture
560 2285 589 2320 ec
609 2269 671 2320 iude
690 2270 735 2321 ille
750 2271 844 2322 uiriles
866 2271 893 2322 ln
910 2269 979 2321 hsuc
999 2270 1057 2337 pluis
1076 2264 1181 2318 couleu-

367 2363 414 2409 re,
433 2349 495 2401 heec
513 2365 573 2402 sero
593 2351 700 2400 nornine
717 2351 826 2416 gerudee
843 2361 977 2420 acceptum
1002 2367 1053 2402 uon
1078 2362 1182 2416 semper

367 2433 526 2495 retribuere,
540 2451 569 2484 ec
588 2432 626 2484 sic
643 2435 684 2500 jus
704 2435 906 2504 retorquendum
926 2435 1062 2502 iniquum,
1082 2434 1182 2484 scilieet

370 2515 466 2566 iutuitu
484 2515 608 2582 gersdee,
621 2533 697 2583 quarn
717 2519 855 2568 saxonicae
868 2527 993 2586 cognatae
1011 2519 1039 2568 iu
1050 2519 1184 2570 extraneis

365 2597 434 2648 locis
453 2615 504 2650 nou
525 2599 648 2651 heeredes
666 2600 813 2652 existentes
831 2619 883 2654 non
897 2603 1045 2674 recipiunt,
1063 2618 1185 2657 exercere

367 2678 499 2742 rsdeeture
513 2681 545 2732 ite
564 2691 593 2733 ut
611 2690 750 2734 extrenese
769 2695 910 2751 cognatae,
924 2685 945 2735 ei
966 2687 994 2737 iu
1014 2686 1128 2738 Saxonis
1140 2687 1184 2738 de·

328 2761 330 2770 ¹
365 2763 472 2818 luuetee
491 2768 596 2819 mulieri
616 2785 668 2820 non
687 2769 768 2821 simul
780 2768 1021 2839 heereditsriojuee
1034 2774 1185 2838 succedent,

366 2851 547 2902 excludendae
565 2851 637 2906 sinte
658 2853 707 2904 hnc
725 2863 814 2905 tamen
831 2855 929 2906 eatnue
949 2858 1006 2922 jure
1025 2874 1075 2910 non
1094 2875 1180 2927 proce·

363 2933 401 2984 dit
413 2953 419 2982 e
433 2934 500 3001 quod
522 2935 647 3002 iniquitas
667 2934 751 3001 juris,
769 2952 801 2986 ee
820 2953 885 3005 que,
906 2954 954 2989 nec
971 2955 1051 3007 ecque
1068 2955 1100 2992 ex
1120 2941 1186 2991 siru-

368 3019 431 3084 pliei
446 3017 599 3070 diuers-itere
618 3021 789 3088 retorquendi
809 3037 884 3072 censa
898 3023 1021 3091 profluit,
1037 3041 1088 3076 nou
1101 3026 1184 3076 soluro

358 3101 466 3172 ‚cutione
493 3111 659 3168 cognatorum
685 3102 799 3155 eieuuis
826 3105 882 3168 iure
905 3105 976 3155 cirili
1001 3107 1121 3170 utentis;
1140 3107 1184 3158 sed

366 3201 468 3252 quoque
487 3187 586 3238 retinue
604 3185 766 3254 reliquorum
784 3185 881 3237 cisium
892 3225 900 3252 ,
920 3206 950 3241 sc
969 3190 1003 3239 ita
1026 3207 1078 3242 nnn
1099 3207 1184 3260 respe-

358 3267 448 3338 ¹ctiue,
468 3269 513 3318 sed
533 3269 561 3318 in
579 3285 674 3336 genere
693 3269 886 3324 consideraude
904 3280 931 3326 et
949 3272 1112 3327 dimetienda
1131 3279 1184 3341 site

369 3367 514 3420 quaerero
534 3363 623 3404 nostro
649 3354 676 3405 in
705 3367 766 3405 eeeu
790 3355 861 3406 nullo
888 3357 1027 3426 reperitur.
1045 3359 1183 3427 Siquidem

367 3447 494 3504 queutnm
514 3447 638 3503 cognatae
657 3437 723 3488 istae
740 3449 845 3491 exterae
863 3438 892 3490 in
913 3439 1027 3490 Saxonis
1042 3442 1094 3510 pro
1113 3443 1182 3494 iudi-

369 3520 445 3587 qeuis
464 3521 599 3570 luoruutur
618 3529 640 3570 et
659 3521 827 3589 praecipuum
848 3521 964 3584 hebent,
982 3523 1065 3589 quud,
1079 3539 1111 3574 ue
1123 3525 1183 3592 qui·

369 3601 428 3652 dem
441 3602 583 3654 existentes
597 3600 737 3665 haeredes,
751 3603 779 3653 in
792 3601 961 3672 adipiscenda
972 3604 1065 3672 geredu
1082 3605 1183 3660 luemu-

361 3694 424 3761 'ture
443 3695 544 3738 tantum
565 3694 655 3736 contre
674 3701 761 3737 earum
781 3685 933 3746 coerciribus
952 3687 1078 3759 reliquie,
1092 3705 1124 3740 ex
1142 3707 1184 3744 eo·

371 3769 430 3821 (lesu
451 3768 579 3819 statuario
597 3769 655 3835 jure
672 3769 782 3819 alterius
794 3771 912 3822 ciuitatis
929 3770 1047 3824 vicissim
1065 3772 1184 3837 decedit,

369 3849 441 3919 quod
461 3851 587 3917 scilicet,
599 3867 632 3902 ne
648 3849 755 3919 quidem
776 3855 921 3904 existentes
941 3854 1066 3906 haeredes
1079 3871 1131 3908 uon
1146 3875 1183 3910 re·

369 3937 458 4004 cipere
469 3946 584 4006 possunt.
596 3933 661 3986 Cum
680 3935 753 3987 enim
766 3936 832 3988 dieti
850 3937 945 4007 reliqui
964 3941 1032 3992 eires
1045 3959 1075 3993 eo
1085 3941 1186 3996 iucolee

370 4017 501 4078 civitatis,
515 4035 580 4086 qnae
597 4018 653 4084 jure
670 4017 741 4069 cirili
761 4017 867 4085 gaudet,
887 4019 995 4090 ipseque
1011 4023 1076 4076 eden
1094 4037 1184 4095 pater,

370 4118 445 4164 arus,
465 4098 559 4154 iretres
577 4113 601 4152 et
623 4101 736 4170 denique
761 4099 917 4154 cottuerues
934 4121 1026 4156 omnes
1052 4119 1126 4159 extro
1145 4127 1185 4160 co·

370 4194 460 4253 quates
484 4199 516 4236 ex
541 4187 597 4251 jure
619 4184 726 4236 alterius
752 4184 885 4252 ciuitatis,
905 4203 970 4255 quae
996 4190 1052 4256 jure
1077 4193 1186 4260 gersdue

370 4269 470 4330 utitur,
490 4269 546 4321 sire
563 4265 697 4320 deiunctae
716 4259 820 4318 mulieri
833 4269 891 4336 jure
906 4271 1082 4327 baerediterio
1100 4293 1184 4328 sucee-

369 4351 450 4414 dent3
468 4350 524 4401 sire
542 4367 609 4414 non,
629 4349 662 4400 de
681 4349 758 4401 bonis
777 4349 808 4400 ed
827 4348 948 4418 gerudem
969 4357 1184 4422 pertinentibus,

370 4447 404 4484 ne
423 4433 564 4484 minimum
582 4430 689 4502 quidem
701 4441 809 4502 ,utpute
827 4435 963 4506 incapaces
982 4443 1107 4510 consequi
1127 4462 1185 4512 pos-

370 4523 441 4584 siot;
454 4536 514 4572 cum
535 4529 621 4572 temen
641 4520 806 4573 econtrario
823 4521 928 4572 eaedem
949 4539 1076 4591 personae
1094 4529 1184 4582 eicite·

371 4603 406 4656 tis
424 4604 483 4671 jure
501 4600 610 4670 geredae
628 4601 725 4656 utentis
742 4602 804 4654 bueo
821 4605 911 4655 omnia
928 4602 997 4658 hone
1015 4609 1047 4659 ab
1059 4611 1138 4664 ultera
1151 4615 1184 4665 ci·

371 4687 460 4754 ritate,
477 4705 543 4756 quse
554 4688 612 4755 jure
623 4685 696 4740 ciuili
722 4685 820 4752 utitur,
839 4688 1014 4742 hoerediterio
1026 4695 1082 4758 jure
1098 4712 1186 4752 cunae-

372 4779 509 4838 quenter,
526 4786 555 4820 ee.
574 4767 636 4820 inde
656 4767 766 4821 rueliore
782 4809 789 4834 ‚
805 4769 845 4822 illi
867 4789 926 4824 vero
944 4773 1080 4829 deterioris
1096 4783 1186 4832 cnudi-

377 4854 457 4904 tiouis
476 4853 604 4914 existeuts
618 4851 651 4904 ite
669 4869 770 4922 quoque
787 4850 886 4922 justum
905 4859 1015 4911 omniuo
1033 4871 1058 4912 et
1077 4879 1185 4933 aequum

370 4945 424 5000 est,
443 4947 470 4989 ut
490 4936 582 5006 reliqui
602 4937 674 4988 eires
691 4939 807 5005 ejusdem
820 4939 937 4994 ciuitatis
951 4944 1092 5010 jureeirili
1113 4961 1186 5003 uten-

373 5018 409 5067 tis
427 5033 547 5086 capaces,
562 5030 689 5087 cognatae
707 5019 853 5086 nimirum,
867 5040 900 5076 ne
918 5025 1061 5082 existentes
1079 5032 1185 5099 quidem

371 5096 656 5164 beeredee,e1endeur
676 5102 813 5155 statutario
830 5105 887 5170 jure
904 5106 1012 5160 ulterius
1030 5112 1145 5168 ciuitetis
1159 5119 1186 5168 in

371 5181 542 5254 sdipiscende
561 5183 655 5252 perede
676 5178 792 5237 uicissim
813 5201 898 5256 partes
916 5209 973 5244 snas
991 5195 1114 5250 meliores
1129 5213 1184 5252 sen·

370 5267 452 5328 liuut,
472 5285 501 5318 ec
519 5267 562 5318 his
580 5268 653 5336 qussi
674 5269 834 5322 retrlhuatur
851 5282 876 5323 et
896 5277 1054 5333 resurciatur
1074 5281 1119 5344 id,
1136 5299 1187 5351 quo

367 5349 411 5403 'sui
432 5347 526 5418 reliqui
545 5348 684 5414 eoucires,
704 5349 744 5402 sie
763 5349 863 5406 iereute
887 5355 1051 5414 diversorum
1078 5382 1129 5418 uon
1149 5377 1185 5418 ta-

371 5453 432 5488 rnen
458 5433 607 5504 iniquorum
634 5433 732 5501 jurium
759 5444 873 5502 netues,
899 5441 1081 5498 excluduntur.
1109 5450 1188 5503 Seeus

369 5524 443 5576 euim
458 5506 502 5571 tii.
517 5517 609 5570 cirites
619 5554 626 5579 ,
638 5533 703 5586 quae
722 5517 765 5586 jus
784 5520 891 5586 geredee
911 5536 1009 5578 esercet
1026 5529 1053 5579 iu
1068 5531 1186 5597 elteraus,

334 5665 337 5675 ,
369 5627 433 5682 quiue
453 5605 504 5675 juri
523 5601 595 5657 cirili
608 5601 704 5668 utitur,
716 5599 738 5664 si
753 5600 883 5658 nimirum
904 5611 1049 5664 retorsione
1067 5628 1186 5684 cognatae

1225 1519 1377 1570 seeouteura
1396 1517 1467 1572 dorni
1495 1515 1634 1586 prospicit.
1657 1514 1726 1568 Licet
1746 1512 1824 1565 eui-n
1853 1510 1969 1568 civitas,
1986 1526 2046 1578 quse

1225 1604 1283 1669 iure
1299 1602 1370 1655 cirili
1389 1602 1488 1664 utitur,
1501 1597 1639 1652 deiunctee
1656 1597 1778 1649 mulieris
1798 1598 1870 1648 hone
1887 1592 1917 1644 iu
1932 1591 2050 1644 heoredes

1227 1701 1403 1755 quoscumque
1415 1687 1491 1750 juata
1505 1682 1701 1754 proximitatem
1719 1679 1822 1750 grachus
1843 1673 2004 1735 transieretz
2015 1678 2048 1730 al·

1229 1782 1282 1824 tere
1304 1788 1378 1832 reru,
1396 1786 1462 1840 qnae
1478 1771 1537 1836 inre
1554 1765 1678 1818 sexnuicu
1694 1765 1790 1834 gendes
1801 1800 1810 1827 ,
1822 1777 1879 1812 nou
1900 1759 1939 1812 ita
1958 1757 2049 1825 ubique

1229 1855 1368 1926 procedet,
1391 1854 1437 1906 sed
1462 1853 1529 1906 inne
1552 1849 1680 1918 quaedem
1705 1848 1754 1900 sub
1779 1843 1919 1912 eiugnleri
1945 1841 2049 1910 qeredee

1230 1942 1308 1996 titulo
1326 1936 1439 2007 coquetis
1463 1943 1562 1989 tanturn
1581 1931 1703 1994 addicere
1720 1942 1814 1984 uentre
1841 1939 1935 1980 temen
1954 1929 1995 1995 jus
2011 1943 2047 1980 re·

1231 2023 1403 2092 torquendum
1426 2019 1545 2089 iniquum
1567 2025 1659 2070 eeutn
1684 2017 1796 2068 atterere
1825 2019 1952 2066 exercete
1979 2009 2048 2064 ruodo

1230 2109 1370 2176 indigenee
1384 2117 1407 2159 et
1425 2101 1544 2156 extreuei
1562 2115 1595 2152 ex
1614 2109 1723 2168 utruque
1741 2097 1867 2163 eiusdem
1893 2093 2050 2150 conditionis

1230 2193 1390 2250 habeantur,
1410 2202 1459 2240 nee
1482 2185 1510 2236 lsi
1534 2183 1669 2252 indigenis
1696 2182 1844 2236 deterioris
1870 2180 1999 2252 existent.
2016 2178 2047 2230 Et

1216 2277 1319 2331 ¹nostri
1338 2273 1432 2327 esserti
1449 2269 1579 2341 justitient
1599 2271 1631 2321 V.
1650 2269 1705 2336 ipse
1723 2282 1848 2333 qnoque,
1867 2271 1939 2334 qnee'
1954 2279 1988 2316 ιι
2004 2263 2049 2314 iui-

1231 2379 1282 2430 que
1310 2359 1359 2412 ists
1384 2355 1450 2408 iacta
1477 2353 1623 2408 retorsione
1646 2351 1765 2411 resultet,
1791 2349 1951 2419 justissime
1973 2357 2049 2400 retur·

1231 2443 1327 2514 quendi
1345 2457 1420 2494 cause
1437 2437 1596 2492 corroborat.
1611 2434 1841 2504 Queruedueodnrn
1862 2432 1939 2485 enirn
1953 2431 2046 2484 dissen-

1232 2531 1324 2582 tientes
1349 2525 1417 2576 hene
1442 2520 1519 2576 uubis
1538 2519 1566 2572 in
1584 2519 1669 2570 altero
1686 2534 1771 2580 casu,
1788 2515 1903 2583 quando
1929 2515 2048 2567 nimirurs

1231 2621 1355 2668 extranea
1374 2617 1480 2677 cognate
1498 2602 1636 2658 deiunctae
1654 2604 1735 2656 simul
1755 2602 1853 2654 haeres
1872 2599 1993 2652 esterno
2009 2613 2049 2666 per

1232 2695 1404 2751 retorsiouem
1423 2701 1581 2762 praetensam
1599 2685 1692 2755 gerede
1713 2685 1804 2752 inique
1817 2684 1930 2736 excluse
1949 2679 2049 2742 luisset,

1232 2792 1319 2835 eontra
1339 2786 1534 2846 retorquentem.
1546 2771 1625 2824 istaut
1644 2768 1776 2846 ciriteteeu
1795 2765 1996 2824 concesserint:
2014 2765 2044 2814 ite

1234 2878 1261 2918 ιιι
1279 2866 1359 2918 altere
1377 2861 1483 2923 eieites,
1500 2871 1567 2925 quse
1585 2855 1642 2920 iure
1660 2852 1734 2904 cirili
1753 2851 1861 2913 ulitur,
1874 2859 1902 2902 et
1921 2850 1995 2916 eujus
2011 2863 2047 2897 en·

1233 2959 1308 3018 gnate
1327 2945 1419 3014 perede
1439 2951 1512 2994 antea
1531 2939 1635 2990 excluse
1654 2935 1745 3002 inique
1761 2932 1830 2998 luit,
1851 2941 1956 2985 mortue
1974 2945 2049 2999 penes

1235 3053 1262 3088 se
1280 3033 1405 3093 muliere,
1423 3027 1532 3082 alterius
1551 3023 1667 3076 ciritetis
1685 3019 1787 3074 cisihus
1808 3018 1862 3072 iste
1881 3015 1914 3069 sd
1933 3013 2047 3084 ‘eredens

1234 3117 1397 3190 pertinentia
1415 3114 1481 3164 boue
1502 3107 1618 3160 ricissint
1644 3103 1786 3172 denegare,
1806 3111 1833 3154 et
1863 3100 1972 3152 illurnru
1999 3110 2048 3163 pur·

1234 3203 1349 3259 tionibus
1368 3191 1554 3250 haereditariis
1573 3187 1701 3242 deducere
1724 3188 1781 3252 iure
1800 3193 1909 3255 possete
1929 3179 2046 3246 carpens·

1233 3299 1306 3357 pers.
1324 3288 1351 3338 3.
1368 3300 1391 3335 c.
1409 3281 1453 3334 dh.
1469 3275 1526 3344 des.
1545 3276 1571 3326 ll.
1589 3273 1628 3324 lte
1647 3273 1675 3324 in
1694 3272 1774 3326 altero
1790 3285 1871 3326 caen,
1883 3263 1989 3336 qnando
2001 3262 2047 3313 sci·

1233 3374 1294 3427 licet
1314 3375 1438 3420 estrsuee
1457 3367 1564 3428 eoguete
1586 3353 1724 3406 deiunctae
1743 3369 1795 3405 nun
1808 3351 1894 3406 sirnul
1914 3343 2046 3400 lteeredite·

1234 3457 1276 3510 rio
1293 3455 1349 3522 jure
1370 3443 1541 3503 succedisset,
1559 3455 1589 3490 ec
1615 3439 1651 3489 ita
1670 3439 1820 3492 retorsione
1837 3451 1875 3488 ex
1892 3429 2043 3485 dissentien-

1235 3539 1302 3592 tium
1320 3530 1448 3601 opinione
1471 3523 1563 3592 perede
1586 3531 1657 3575 recte
1682 3523 1787 3574 excluse
1809 3519 1924 3579 luiss'et,
1945 3515 1994 3566 iste
2012 3527 2047 3561 re-

1236 3620 1318 3674 torsio
1338 3617 1471 3683 reciproce
1489 3617 1614 3660 cessaret.
1633 3607 1699 3660 Curu
1720 3621 1779 3658 reru
1796 3605 1908 3670 ciritae,
1922 3597 2045 3672 queeiurt
2145 3651 2146 3654 ,

1233 3701 1306 3756 cirili
1325 3700 1425 3757 utitur,
1444 3692 1472 3744 iu
1499 3687 1673 3757 retorquendo
1701 3685 1778 3754 hujus
1804 3682 1992 3738 distinctionis
2010 3695 2046 3728 re·

1235 3788 1333 3841 tionem
1358 3779 1454 3832 hebere
1479 3785 1604 3844 nequeets
1624 3771 1669 3826 sed
1696 3774 1739 3838 ius
1767 3769 1929 3822 retorsiouis
1946 3773 2044 3836 propter

1234 3867 1328 3922 ieetaeu
1347 3876 1421 3916 autea
1440 3861 1562 3928 injustam
1582 3855 1756 3909 retorsionern
1776 3853 1864 3906 eidem
1878 3851 1920 3907 rel
1937 3859 2042 3916 semper·

1233 3951 1274 4004 rel
1292 3951 1368 4020 plene
1381 3961 1432 3997 nou
1445 3939 1639 3994 eoncedendum
1655 3942 1705 4004 sitq
1719 3947 1861 4006 utrumque
1873 3945 1961 3986 eutem
1974 3937 1998 3981 et
2009 3941 2044 3974 ee·

1233 4034 1328 4103 quiteti
1356 4041 1382 4084 et
1405 4025 1622 4082 dissentientium
1650 4023 1776 4094 opinioni
1802 4023 1886 4074 simul
1910 4019 2040 4086 repugnels

1234 4117 1297 4168 inde
1321 4131 1424 4187 quoqne
1452 4109 1619 4164 inserendum
1646 4109 1713 4172 erit,
1738 4106 1826 4177 quod,
1849 4124 1883 4159 ne
1909 4091 2040 4156 riviriani

1233 4202 1328 4269 justam
1348 4197 1522 4251 retorsinoem
1543 4194 1703 4262 reciprocenr
1723 4190 1988 4260 confugereeogatur,
2002 4183 2041 4234 be·

1233 4287 1273 4354 jus
1285 4293 1391 4352 cognata
1409 4298 1458 4350 per
1477 4280 1652 4332 retorsionem
1669 4275 1763 4346 gerede
1776 4294 1910 4345 nunqoern
1924 4272 1956 4326 ah
1968 4270 2039 4323 slter·

1236 4367 1344 4423 ciritete
1362 4362 1523 4419 excludende
1544 4363 1590 4415 sit.
1609 4360 1641 4412 Et
1662 4361 1729 4414 heuo
1755 4371 1872 4414 nostram
1892 4353 2037 4412 seutentiam
2052 4337 2079 4392 il

1235 4463 1336 4518 quoque
1355 4447 1438 4514 iuret,
1459 4457 1486 4499 et
1503 4446 1582 4499 latius
1600 4445 1708 4498 deducit
1727 4444 1771 4498 du.
1791 4447 1882 4500 Steus.
1908 4442 1932 4495 d.
1949 4450 1968 4490 t.
1983 4434 2038 4502 epd-
2142 4493 2143 4511 χ

1237 4535 1280 4586 33.
1299 4551 1327 4584 ιι.
1347 4531 1372 4584 d.
1390 4531 1418 4583 5.
1435 4532 1460 4583 d.
1479 4529 1610 4598 simulque
1629 4529 1737 4582 edelucit
1756 4530 1934 4582 Pruclmeuu.
1952 4523 2000 4580 rol·
2018 4522 2037 4569 ί·
2140 4525 2142 4570 l

1236 4633 1312 4669 ιι...
1332 4617 1377 4668 ιι.
1394 4633 1420 4668 ι.
1439 4615 1484 4666 ιι.
1503 4615 1548 4665 ιι.
1567 4611 1636 4665 ιιι.
1656 4613 1779 4683 eruum
1795 4625 1897 4684 quaese.
1917 4613 1959 4664 ιι
1975 4627 2001 4662 ι.
2017 4603 2038 4654 t.
2141 4589 2143 4672 l

1239 4700 1369 4770 Scheplie.
1387 4698 1560 4750 udcnnsuet.
1579 4698 1681 4750 murcie.
1705 4717 1731 4762 ρ.
1752 4699 1776 4750 3.
1800 4706 1819 4750 t.
1845 4700 1872 4750 1.
1890 4705 1911 4762 §-
1938 4697 1959 4747 l.
1976 4692 1999 4742 2
2016 4689 2039 4738 3·
2142 4687 2143 4712 ¹

1237 4801 1264 4835 ιι.
1283 4783 1306 4836 t.
1328 4785 1434 4834 llartur.
1455 4779 1521 4832 l’ist·
1540 4778 1598 4832 obs.
1617 4780 1642 4830 l.
1662 4783 1679 4832 3
1708 4800 1736 4834 ιι.
1756 4783 1783 4833 3.

1273 4867 1376 4938 Quibus
1395 4863 1546 4936 ponderatis
1563 4881 1652 4918 reruue
1672 4867 1834 4934 ergumentis
1852 4869 1965 4922 retinnes
1981 4859 2026 4914 situ
2051 4849 2078 4902 ³⁵

1238 4950 1342 5020 pliciter
1359 4947 1551 5002 ailirmentium
1571 4948 1615 5002 dd.
1633 4967 1663 5004 eu
1677 4949 1789 5005 lucilinri
1803 4956 1908 5023 negotio
1925 4947 2036 5006 refellun-
2145 4997 2146 5002 η

1239 5045 1287 5084 tur.
1307 5031 1373 5086 Nutu
1392 5035 1461 5103 quod
1483 5034 1500 5085 i.
1521 5032 1634 5100 ettinet,
1654 5031 1796 5090 dehciente
1820 5039 1863 5090 bie
1887 5042 1940 5108 jure
1957 5031 2037 5098 iniquo
2145 5025 2146 5028 ’

1237 5117 1352 5179 corruite
1370 5127 1395 5170 et
1414 5127 1469 5168 turn
1489 5117 1594 5169 demum
1616 5117 1667 5170 sibi
1687 5118 1772 5172 locum
1799 5121 1929 5182 etndteu,
1945 5114 2038 5185 quiante
2145 5127 2146 5154 ι

1237 5213 1263 5252 ιιι
1284 5217 1360 5268 supre
1380 5218 1407 5252 ιι.
1423 5199 1464 5254 ld.
1487 5201 1658 5266 deduximus,
1672 5205 1805 5256 extreneis
1823 5222 1876 5258 nou
1898 5215 1989 5258 tentum
2001 5213 2036 5248 ra·

1239 5285 1308 5336 tioue
1327 5283 1436 5350 gersdee
1455 5283 1638 5354 permittitur,
1657 5303 1704 5338 nee
1725 5287 1760 5339 ed
1785 5287 1845 5342 illos
1869 5301 1940 5344 exter
1958 5293 2036 5338 moros

1239 5368 1278 5420 rel
1295 5366 1508 5434 jurisdictionem
1528 5367 1701 5435 trenslertur,
1718 5383 1844 5441 qusnturu
1871 5371 1982 5442 alioquin
1998 5381 2034 5416 se·

1238 5450 1352 5502 eundum
1373 5447 1492 5502 eiritetie
1514 5453 1572 5520 jure
1590 5451 1623 5505 ed
1648 5455 1732 5524 ipsos,
1752 5457 1774 5510 si
1800 5457 1906 5527 quidem
1924 5457 1987 5510 eim
2003 5463 2035 5499 es·

1238 5543 1313 5600 sent,
1332 5534 1483 5604 pertineret.
1500 5535 1537 5588 Ut
1554 5549 1672 5592 accunte
1689 5554 1879 5595 commentatur
1892 5545 1986 5594 llertm.
1999 5531 2033 5584 l’i·

1238 5629 1300 5672 sior.
1318 5616 1376 5672 odd.
1394 5615 1438 5670 48.
1456 5635 1483 5671 ιι.
1501 5618 1526 5671 l.
1539 5629 1567 5676 ei
1579 5621 1604 5675 9.
1617 5621 1690 5677 Sicut
1706 5623 1778 5678 enine
1798 5616 2032 5698 reputppirgrpruuit
2145 5615 2146 5654 i
