4400 6218
636 339 1118 426 ursruusrro
1159 349 1411 456 saxnat

911 517 1139 600 exuturus

261 681 1785 842 connuntouuurunaesuuouuua

708 936 1005 1059 rorssrm
1025 939 1105 1010 nr
1119 943 1342 1035 ronam,

749 1164 805 1208 mn
828 1161 967 1220 srnrnrs,
989 1157 1073 1204 suno
1096 1163 1297 1212 uncnxxnx.

828 1335 1218 1385 ΗΗΜΗΗῙΗΙ

519 1499 857 1577 wotFFGtttGo
883 1495 1115 1570 DIETRlCll
1137 1499 1170 1566 A
1191 1499 1525 1577 BElCllLlNGEN.

742 1701 1303 1750 ψ-

861 1894 1173 1969 INGRESSUS.

178 2113 314 2282 Qund
336 2170 454 2242 Servio
476 2169 648 2265 qnondam·
661 2165 857 2261 exprobavit
870 2163 914 2255 Q.
929 2161 1060 2234 Mutius
1078 2183 1185 2260 turpe
1205 2188 1278 2236 essa
1298 2169 1441 2259 patritio
1462 2185 1499 2240 et
1521 2167 1630 2245 aedili
1644 2179 1730 2262 rire,
1744 2179 1806 2274 jus
1821 2185 1861 2254 irs

200 2289 245 2334 uo
267 2279 466 2347 versantur,
489 2266 503 2330 s'
527 2285 664 2343 carcre,
684 2260 745 2328 hoc
767 2257 832 2349 ipsi
856 2255 972 2326 Servio
995 2256 1348 2343 instrumentorum,
1371 2271 1410 2326 ut
1432 2279 1565 2353 operam
1583 2265 1676 2335 daret
1691 2263 1766 2378 ¹juri
1780 2273 1863 2342 eiri-

193 2357 215 2438 i,
238 2353 462 2444 memoriuep
524 2356 611 2420 itum
633 2347 775 2442 reliquit
796 2345 893 2414 Jctus
915 2346 952 2412 iu
975 2346 1003 2414 l.
1029 2371 1061 2414 s.
1086 2347 1117 2436 ξ.
1141 2348 1257 2440 dinff.
1279 2347 1323 2416 dc
1350 2349 1435 2446 orig.
1453 2354 1529 2444 jur.
1553 2353 1653 2463 Quod
1677 2383 1705 2428 ss
1728 2359 1775 2432 ita
1798 2385 1844 2434 est

175 2467 275 2514 nemo
299 2443 382 2512 milti
405 2453 513 2511 vertet
537 2443 631 2522 titio,
653 2439 682 2508 si
703 2437 819 2544 eodem
841 2446 953 2504 motus
974 2437 1202 2544 incitamento,
1223 2439 1469 2548 turpitudirsem
1485 2445 1586 2548 patris
1610 2444 1698 2538 juris
1719 2419 1861 2544 ignorati

175 2533 342 2604 declinere
364 2532 401 2600 ia
428 2553 579 2624 praesens
600 2529 839 2623 aliquantrsper
859 2545 960 2595 ausus
982 2526 1114 2596 luerim.
1138 2525 1290 2616 Etenim,
1304 2555 1380 2598 cum
1396 2531 1452 2598 nlla
1469 2533 1552 2601 milri
1576 2537 1681 2626 patria
1703 2541 1759 2626 sit,
1774 2568 1860 2637 quae

176 2624 431 2718 elegantissimis
452 2622 729 2716 aequissimisqne
751 2617 908 2686 instructa
933 2616 1085 2707 juribus,
1107 2615 1212 2703 adeo,
1235 2640 1273 2690 ut
1294 2619 1356 2688 hoc
1378 2645 1474 2713 passu
1497 2623 1637 2717 reliquis
1659 2627 1861 2704 Germaniae

176 2716 356 2808 provinciis
379 2714 522 2806 palmam
547 2713 663 2780 reddat
684 2707 845 2788 dubiam,
875 2705 944 2774 into
966 2709 1101 2798 penitus
1122 2709 1230 2800 praeri
1258 2712 1303 2780 iat
1324 2707 1467 2779 Saxonis
1475 2762 1487 2795 ,
1510 2732 1549 2780 ut
1595 2727 1626 2784 te
1656 2722 1753 2812 cujus
1776 2724 1860 2814 juris

176 2807 317 2900 vestigia
339 2816 389 2872 tot
411 2804 469 2872 alii
495 2801 611 2896 populi
633 2802 742 2893 legere
764 2796 1018 2886 sustinuerunt3
1040 2798 1165 2904 pudori
1193 2736 1277 2868 mulsi
1301 2801 1401 2882 leret,
1426 2801 1515 2870 inter
1542 2738 1690 2876 grener
1713 2827 1806 2896 nato,
1830 2816 1859 2884 si

178 2895 217 2962 in
240 2920 340 2966 cursu
363 2894 550 2964 studiorum
574 2889 832 2960 academicorum
855 2884 892 2952 ll.
921 2909 1069 2954 romanis
1090 2885 1266 2975 destinato,
1288 2889 1391 2960 nudis
1412 2890 1640 2964 Romanorum
1656 2899 1785 2991 placitis
1807 2905 1860 2972 iu-

173 2986 357 3072 lsaererern,
379 2997 414 3054 et
436 3008 506 3053 non
528 2983 631 3052 ultero
645 2977 739 3050 oculo
754 2977 894 3070 petriam
912 2978 1120 3068 respicerem,
1142 2979 1361 3076 c'usdemque
1384 2983 1455 3049 'ura
1482 3007 1558 3052 cum
1581 2986 1641 3054 illo
1661 2990 1857 3063 conferrem.

173 3073 288 3166 Qu‘are
310 3101 390 3146 cum
415 3075 500 3144 milri
524 3070 699 3142 academiis
721 3066 927 3140 vstsdtcsno
950 3067 1119 3160 specimen
1141 3071 1280 3162 siquod
1309 3072 1382 3165 pub
1397 3071 1485 3140 icum
1508 3072 1674 3144 edendnm
1696 3101 1797 3169 esset,
1820 3085 1858 3152 id

172 3189 270 3258 scopo
293 3191 367 3236 caeo
389 3166 529 3234 omnino
543 3161 744 3232 convenicus
766 3156 968 3240 existimari,
990 3158 1199 3228 collationem
1214 3163 1394 3254 quamdam
1417 3165 1503 3256 juris
1517 3169 1645 3234 romani
1665 3188 1699 3238 et
1712 3178 1857 3245 senonici

172 3255 370 3329 instituisse.
393 3255 621 3325 Deterrcbant
643 3248 802 3343 equidem
826 3272 879 3316 me
902 3272 921 3315 a
944 3249 1115 3340 proposito
1135 3261 1185 3318 tot
1206 3253 1414 3322 celeberrimi
1437 3270 1594 3340 suctores,
1618 3259 1680 3348 qui
1720 3264 1790 3330 nris
1809 3265 1858 3332 ci-

172 3345 251 3414 rilis
272 3360 307 3417 et
328 3346 475 3418 saxonici
497 3342 704 3412 differentias
725 3343 793 3434 jam
815 3337 896 3408 olim
919 3337 1147 3430 collegerunt,
1204 3363 1327 3414 uorum
1367 3344 1541 3436 praecipui
1565 3365 1646 3416 sont
1734 3351 1862 3443 helius,

177 3433 351 3518 Fschsius,
363 3449 397 3506 et
411 3434 639 3518 Reinhardus,
653 3453 798 3526 qnorum
812 3451 911 3521 opera
926 3427 1139 3533 eidemnlihro
1160 3363 1263 3518 idum,
1285 3431 1386 3502 hodie
1406 3431 1516 3502 adhuc
1536 3454 1613 3506 cons
1638 3439 1709 3508 icus
1725 3458 1787 3512 est.
1808 3445 1855 3514 At

174 3547 265 3611 vero,
280 3553 357 3596 cnm
372 3525 426 3595 illi
442 3523 624 3617 praecipue
638 3519 762 3592 veteris
776 3541 891 3588 saxon.
905 3522 991 3624 jnrrs
1005 3517 1224 3590 dracassnms
1243 3525 1320 3615 jure
1334 3545 1417 3594 rom.
1439 3523 1598 3594 ostenden
1626 3551 1682 3596 um
1705 3555 1858 3627 suscepe-

171 3615 255 3698 rint,
278 3617 384 3685 multa
408 3637 488 3685 vero
511 3613 701 3682 novissimis
721 3610 814 3679 electe
837 3630 1017 3678 saxonicor.
1039 3608 1352 3681 Constitutionlltus
1373 3615 1441 3682 sint
1468 3615 1664 3709 immutata3
1686 3621 1856 3694 utiliorem

171 3727 227 3772 sue
241 3726 377 3798 opernm
394 3704 634 3798 praestiturum
648 3701 776 3784 censui,
791 3702 832 3785 si,
845 3697 933 3791 quid
955 3701 1029 3791 jure
1044 3701 1198 3770 saxonico
1220 3701 1386 3774 electorali
1399 3713 1572 3787 statutum,
1588 3708 1806 3802 inquirerem,
1822 3734 1857 3786 et

169 3817 246 3864 eunt
261 3819 301 3864 eo
315 3800 370 3904 jus
386 3794 485 3864 civile
499 3793 694 3902 ponlerrenu
710 3791 793 3947 [zeti
809 3789 870 3898 luno
885 3811 922 3857 ea
938 3810 1006 3881 qua
1029 3792 1354 3950 ”⁰q⁰⁸,¹¹¹.p‘}⁵⁸l¹:l¹l
1368 3793 1435 3863 tuis
1459 3794 1642 3952 blrlelritate,
1662 3801 1855 3914 methodum

171 3897 1004 4067 :titl‘ttt{5:3²3:tt‘ttttittttltstlt
1018 3899 1239 4078 ffttttftt,
1252 3907 1538 4065 illiditur?
1545 3911 1855 4077 tltttttttt

180 4083 223 4132 ts.
247 4063 434 4158 Praecipue
456 4085 535 4156 ergo
558 4061 601 4130 sd
623 4063 876 4130 constitutiones
899 4059 1083 4130 electorales
1096 4060 1169 4132 dsri
1186 4064 1340 4172 Augusti,
1356 4063 1398 4134 sd
1413 4065 1558 4135 ordinat.
1575 4093 1743 4162 processus
1758 4097 1855 4144 saxn-
1945 4114 1949 4123 ·

169 4155 250 4242 uici,
266 4172 299 4221 et
314 4154 355 4222 ad
370 4153 552 4225 derisiones
572 4152 758 4222 electorales
780 4149 973 4221 novissimas
994 4153 1133 4245 respexi,
1148 4153 1273 4224 collatus
1294 4167 1407 4224 tamen
1426 4156 1572 4228 subinde
1587 4161 1661 4228 aliis
1683 4159 1852 4236 Saxonum

169 4245 308 4338 placitis,
324 4269 412 4336 quae
428 4266 470 4311 ex
487 4257 579 4336 purte
595 4239 761 4350 publicans
776 4241 884 4310 lucem
900 4241 1077 4335 hucusque
1092 4266 1160 4312 non
1175 4244 1362 4336 adspexere.
1378 4245 1434 4314 Ex
1449 4245 1500 4316 lris
1515 4270 1605 4334 vero,
1619 4275 1706 4342 quae
1720 4253 1762 4320 sd
1777 4257 1851 4346 jura

168 4358 281 4407 rerum
297 4333 501 4404 allodialium
520 4345 703 4425 pertinent,
713 4345 843 4400 tantum
855 4356 927 4400 mea
945 4331 1020 4416 feci,
1036 4331 1181 4426 feudalia
1194 4335 1333 4428 aliorum
1346 4337 1530 4405 industriae
1544 4339 1731 4408 relicturus·
1748 4343 1850 4433 Quod

167 4426 194 4494 si
211 4425 392 4498 intentioni
409 4437 487 4494 tuae
501 4423 524 4490 Ι.
541 4425 574 4490 b.
591 4445 658 4490 nou
673 4421 869 4502 satisfecero,
886 4422 1091 4514 perpendes,
1114 4448 1169 4492 me
1182 4426 1340 4517 juvenem
1362 4449 1443 4509 esse,
1459 4428 1514 4494 cui
1534 4431 1561 4496 si
1580 4429 1616 4496 in
1639 4431 1844 4521 amplissimo

167 4518 312 4586 saxonici
328 4533 363 4585 et
376 4516 459 4608 juris
474 4513 586 4582 civilis
600 4512 781 4581 certamine
795 4512 825 4581 la
851 4536 907 4580 sus
921 4511 1027 4595 suero,
1041 4514 1085 4582 sd
1100 4528 1286 4608 praetorem
1302 4537 1477 4609 provocare
1493 4518 1539 4587 sss
1554 4535 1614 4604 est,
1631 4520 1774 4610 petendo
1795 4549 1850 4596 sne

73 4693 78 4710 1
167 4607 203 4764 {n
222 4609 390 4765 llfissfflm
415 4605 557 4672 restitui.
581 4601 794 4708 Creterums
839 4603 933 4708 irino
956 4603 1096 4674 numine
1119 4605 1300 4700 benignam
1322 4607 1465 4702 sumpti
1487 4608 1610 4678 laboris
1631 4609 1846 4686 directionem

192 4721 262 4768 unu
291 4719 358 4765 rme
374 4717 521 4783 exorem,
535 4715 628 4786 opert
645 4715 717 4785 rpso
731 4715 786 4762 me
798 4713 943 4785 aoctngo.

844 4935 1092 5010 CAPUT
1137 4935 1166 5006 Ι.

797 5133 855 5202 De
869 5136 950 5230 jure
969 5155 1211 5228 personarum.

398 5395 420 5449 S
439 5397 468 5455 U
483 5393 518 5452 Π
532 5395 568 5453 Μ
581 5399 610 5453 A
627 5399 654 5454 ll
671 5397 693 5454 1
708 5398 737 5454 A
1026 5395 1071 5452 De
1087 5393 1177 5464 operis
1193 5395 1365 5456 rusticorum.
1384 5419 1413 5454 n.
1432 5399 1458 5454 d.

1026 5479 1072 5536 De
1089 5481 1208 5538 vecturis
1226 5483 1390 5538 rusticorum
1407 5503 1434 5538 u.
1454 5481 1480 5536 l.

160 5563 304 5620 deruerunt
315 5565 385 5640 juras
401 5583 441 5619 en
458 5563 539 5622 ledis
550 5565 707 5623 obducent?
724 5584 752 5623 ss.
771 5571 798 5622 1.
1026 5565 1072 5618 De
1084 5564 1208 5620 aristodiu
1220 5566 1329 5636 praedii
1339 5567 1438 5624 nobrit‘s
1449 5569 1556 5627 rusticis
1571 5571 1748 5629 iuersmdsrtte·
1761 5591 1787 5626 rr.
1806 5571 1833 5628 d.

162 5648 268 5704 Rustici
279 5650 312 5701 s‘n
330 5649 457 5704 ossosta
476 5667 608 5722 quorsum
625 5650 785 5726 resereudi?.
797 5671 825 5706 n.
842 5650 871 5706 20
1026 5645 1190 5718 Dsfiams'lio
1200 5649 1376 5708 conductitia·
1388 5671 1418 5709 rr.
1430 5653 1457 5708 d.

287 5729 387 5803 Stryln's'
407 5732 468 5789 Vol.
489 5733 539 5790 VI.
1551 5739 1586 5791 19
