4298 6182
191 255 245 311 otu
531 251 580 304 aa
599 208 803 322 tuqarstrts
825 247 973 308 maana
993 247 1223 308 arcanarum
1244 251 1281 310 at
1301 247 1425 313 stacta
1706 251 1760 304 aaa

56 333 62 344 ⁶
128 352 200 404 lsors.
210 367 266 422 cap.
279 349 305 404 3.
317 355 343 404 et
357 345 382 401 ³.
395 346 565 416 Quapropter
582 358 641 395 oum
655 353 680 394 et
694 341 843 396 haereditus
856 343 943 398 rlrcu·
997 355 1113 397 curatore
1130 344 1251 402 adhibito
1270 345 1360 416 Carpo.
1377 359 1406 412 p.
1427 343 1487 396 31.
1503 343 1546 396 1³.
1558 342 1585 398 ri.
1605 344 1650 397 1³.
1669 345 1811 400 Wibelias

130 435 164 488 tie
182 432 261 486 hodie
277 431 408 498 oblectant
429 428 499 498 pacti
518 428 670 488 constituet,
688 425 797 478 dubium
819 445 870 480 aaa
889 439 941 492 est,
996 427 1022 478 ri.
1039 427 1058 477 t.
1079 428 1213 482 Pecolisre
1230 442 1313 484 toturn
1332 428 1412 482 etism
1432 427 1496 482 illutl
1513 430 1571 496 jure
1588 429 1638 482 cir.
1657 429 1728 480 inter
1752 429 1810 496 pri-

129 515 193 584 quin
217 514 297 568 etiem
326 513 371 566 ille
397 508 537 580 aliquando
559 507 655 562 iutuitu
679 507 819 578 dignitatis
842 511 943 582 acquiri
995 518 1065 561 ratos
1084 522 1140 572 ert,
1158 512 1226 578 qaurl
1245 512 1370 564 subsistet
1388 511 1520 564 douutios
1538 509 1810 564 mulieremrritoiu·

135 594 236 668 possit.
996 601 1036 643 otu
1054 602 1188 645 constante
1209 594 1394 658 matrimonio,
1413 595 1435 645 si
1451 595 1494 645 ills
1506 595 1539 646 ut
1553 593 1705 664 dignitatem
1719 609 1810 648 conso·

75 689 112 740 ³³
163 679 186 745 ς.
200 676 244 729 33.
261 677 337 730 ttott
355 684 381 728 ct
401 674 469 730 tituli
490 673 641 745 acquiroarli
660 693 762 740 omues,
782 695 838 730 rem
850 695 941 747 quom·
994 673 1123 742 querulum
1143 677 1323 742 pertineatet
1343 693 1383 728 rer
1402 677 1498 730 doaets
1517 677 1545 729 iu
1564 694 1621 730 eum
1642 677 1808 748 impendetur

129 778 241 830 curaque
258 775 338 830 seque
357 758 536 828 laiopoteruat
550 759 706 810 interuenire
729 759 781 811 uiri
796 761 946 827 spetialiter
994 755 1012 806 l.
1027 755 1067 808 ll).
1082 756 1100 807 1.
1113 755 1155 810 33.
1158 755 1200 825 ffi
1215 759 1248 812 ric
1259 759 1323 811 tion.
1334 760 1384 812 int.
1397 759 1535 814 rimetur.
1548 760 1566 810 l.
1580 760 1660 810 ³³0.
1672 760 1733 812 eod.
1744 759 1807 812 atu.

132 842 324 911 excipientur·
342 841 405 910 lego.
425 837 497 892 Licet
516 840 588 892 enlm
607 840 732 892 omuibus
749 839 784 892 lie
804 842 855 904 uti,
875 845 945 896 aude
996 836 1119 888 Menoth·
1131 839 1164 891 tie
1174 849 1340 908 praerumpt.
1352 839 1372 891 l.
1386 840 1410 891 3.
1422 856 1513 906 praes.
1526 841 1571 892 33.
1582 859 1610 892 n.
1624 841 1668 892 ³³.
1681 840 1811 892 Sebastia-

129 945 177 980 uec
196 927 240 979 ille
257 933 394 994 respectus
413 922 445 974 sd
465 922 619 990 utantuten
632 919 708 974 isuile
725 940 884 994 quemquem
900 941 946 978 ex·
997 939 1044 972 uua
1065 921 1177 974 Naeuius
1194 933 1302 991 system.
1315 921 1354 976 ad
1365 922 1388 974 d.
1400 923 1419 976 i.
1433 920 1523 989 litff.
1544 929 1574 980 Β.
1587 922 1730 974 Brutauem.
1747 921 1811 974 ibid.

131 1009 221 1064 cludet.
241 1009 332 1076 ltaque
350 1014 378 1060 et
395 1005 479 1076 protis
496 1003 659 1074 quibuslibet
678 1004 742 1058 licet
760 1007 798 1058 uti
813 1017 890 1077 etque
903 1008 945 1060 luis
996 1004 1081 1056 'rituli
1099 1015 1127 1057 et
1145 1005 1264 1058 lucrativi
1284 1013 1311 1058 et
1328 1005 1448 1065 caerosi,
1467 1004 1691 1073 requisitloiuter
1703 1003 1812 1058 rivaret

132 1095 213 1160 legera
232 1106 329 1160 ponere
347 1107 398 1160 pro
414 1089 526 1142 arbitria
544 1088 562 1140 i.
582 1089 627 1139 33.
647 1088 680 1142 de
697 1107 721 1140 r.
739 1090 763 1162 J'·
790 1091 861 1159 Quin
882 1111 945 1146 nou·
999 1087 1089 1140 mortis
1106 1103 1195 1142 orasse
1212 1087 1810 1158 originariumderiuatirs,uequeltioleuam

132 1191 272 1244 uunquam,
291 1173 315 1227 si
333 1175 438 1242 negatio
456 1172 560 1226 socerlst
578 1172 701 1238 «ligurine,
720 1173 786 1226 illud
800 1177 947 1230 ωηηιωι.
997 1169 1144 1234 iareniuat,
1162 1181 1188 1224 et
1207 1172 1252 1224 ills
1270 1169 1324 1224 l'ere
1337 1168 1501 1240 frequentior
1515 1171 1541 1223 io
1556 1171 1604 1224 lter
1617 1169 1736 1235 materie,
1747 1186 1814 1238 qaue

134 1270 185 1324 tur,
202 1274 262 1310 cura
281 1266 356 1309 uates
375 1273 426 1326 per-
439 1256 508 1321 leqrs
527 1256 695 1326 prohibitura
713 1266 788 1310 eruet.
801 1257 847 1309 Sic
864 1258 943 1310 ulons·
999 1260 1092 1312 mortis
1108 1275 1196 1311 causas
1215 1256 1262 1323 lat,
1280 1275 1327 1329 per
1345 1259 1685 1326 tegetumenpeetnteuu
1698 1268 1747 1310 ete.
1761 1256 1812 1310 Ne-

136 1346 232 1396 tionem
253 1342 322 1394 iuter
339 1343 422 1394 uirum
442 1351 467 1392 et
487 1357 594 1394 anorera
619 1345 720 1410 alioque
746 1342 848 1394 irritem
876 1345 945 1412 leges
996 1359 1046 1410 que
1064 1345 1159 1408 justum
1179 1342 1274 1394 bellura
1291 1341 1464 1405 excludimus,
1482 1343 1525 1410 qui
1548 1340 1640 1394 motlas
1658 1342 1812 1409 acquirendi

134 1427 248 1480 rettuur
265 1434 293 1478 et
309 1423 401 1492 jubent
418 1439 476 1477 esse
492 1423 510 1476 l.
531 1426 555 1476 t.
574 1423 598 1475 3.
619 1425 642 1476 3.
664 1425 709 1474 31.
724 1420 765 1491 ffi
792 1423 825 1476 rie
850 1424 945 1476 donat.
997 1426 1111 1479 maxime
1126 1427 1285 1494 originarius
1304 1424 1546 1494 cst,etucqaiaitio
1563 1424 1814 1488 ouarun,utTlteu·

134 1507 267 1565 intrroir.
277 1519 304 1562 et
316 1525 364 1563 aa·
376 1509 446 1559 Mer.
456 1526 482 1573 p.
497 1507 522 1560 ³.
535 1506 592 1560 ricc.
604 1507 648 1558 ³7.
664 1505 717 1560 uiri
738 1507 809 1558 inter
822 1521 946 1572 persuasa
998 1507 1070 1577 philo
1087 1509 1161 1562 uadit
1177 1509 1252 1562 Grot.
1270 1509 1289 1560 l.
1308 1509 1333 1560 ³.
1352 1525 1375 1560 e.
1393 1508 1420 1559 ³.
1433 1508 1455 1574 §.
1475 1507 1501 1558 3.
1519 1526 1546 1557 n.
1561 1507 1586 1558 ³.
1600 1517 1657 1561 not.
1673 1506 1812 1575 Cumque,

135 1594 251 1646 illustres
262 1590 282 1644 l.
295 1589 339 1640 33.
352 1605 375 1642 c.
387 1587 413 1640 d.
424 1599 442 1639 t.
455 1586 528 1640 Guil.
541 1587 587 1640 lib.
601 1589 626 1640 3.
640 1588 694 1640 obs.
709 1589 753 1640 ³³.
767 1605 796 1640 n.
810 1589 855 1641 17.
875 1586 947 1641 Berl.
997 1599 1025 1642 ut
1043 1591 1160 1655 dictam,
1178 1591 1264 1662 pactis
1282 1592 1364 1660 legem
1392 1607 1439 1660 pro
1465 1589 1574 1644 arbitrio
1599 1589 1688 1644 diuers
1711 1589 1811 1656 liceat,

134 1694 158 1743 p.
172 1673 294 1730 ³.conci.
309 1675 390 1726 1³.n.
406 1673 447 1725 tt.
463 1669 944 1724 3311113111311111111111111311111111
997 1673 1075 1724 etium
1096 1671 1165 1725 iculi
1191 1689 1287 1728 nexum
1311 1673 1408 1726 intuitu
1430 1671 1572 1741 diguitatis
1598 1672 1651 1726 tibi
1677 1669 1821 1726 reserere·

135 1756 473 1830 11111.3.ς3.11.33.1ες4
494 1767 518 1810 ct
536 1753 564 1806 io
585 1755 698 1808 saxonia
717 1755 744 1806 si·
760 1755 856 1806 mulier
867 1756 946 1808 «louet
998 1765 1082 1824 potest
1099 1755 1212 1824 quilibet
1231 1757 1303 1808 ultro
1319 1755 1455 1824 citroque,
1474 1766 1528 1808 sto.

751 1914 920 1984 SECTlO
944 1913 1211 1984 POSTElllOli·

551 2088 602 2156 lte
624 2088 800 2178 acmrisitis
826 2089 949 2154 intuitu
973 2085 1188 2176 dignitatum
1206 2083 1244 2150 in
1268 2087 1401 2176 specie.

375 2289 399 2340 3
419 2289 448 2342 U
461 2285 494 2338 33
511 2283 545 2338 31
562 2284 592 2334 A
608 2283 633 2336 li
650 2285 671 2336 t
685 2283 715 2334 A
996 2275 1149 2332 Notandum
1161 2273 1254 2345 quoad
1261 2275 1371 2332 solaria
1383 2272 1699 2348 ouscmettripriuilegio
1716 2279 1744 2333 iu
1761 2281 1814 2336 San

1031 2357 1128 2412 nonio.
1142 2377 1168 2411 n.
1184 2359 1226 2414 33.

998 2441 1099 2495 Rerum
1110 2443 1234 2510 ipsoram
1247 2441 1446 2514 usufructuarii
1455 2453 1528 2500 eunt.
1540 2461 1567 2498 n.
1578 2444 1622 2498 ³³.

999 2525 1245 2580 Administrotores
1257 2541 1347 2580 rerum
1361 2524 1603 2582 ecclesiasticarum
1615 2525 1734 2582 obnoxii
1752 2535 1825 2582 sunt'

1034 2608 1192 2664 rationibus
1204 2611 1352 2662 reddendis.
1365 2627 1392 2663 n.
1407 2609 1450 2663 33.

137 2452 211 2507 (irtio
223 2449 441 2506 tractandarum.
455 2467 484 2501 n.
498 2451 524 2500 1.

136 2535 181 2588 De
190 2535 277 2600 prima
289 2536 376 2590 alatre
386 2533 547 2604 dignitatum
560 2532 627 2600 qatt
637 2531 768 2584 obtineat.
783 2549 810 2583 11.
823 2530 849 2582 3.

135 2618 166 2673 Si
174 2619 239 2690 quiri
246 2618 345 2674 intuitu
355 2635 425 2670 mere
435 2619 623 2682 personalium
636 2617 800 2686 acquiratur.
814 2633 842 2666 11.
857 2615 885 2669 3.

135 2705 194 2757 Aut
204 2704 229 2757 ri
239 2701 339 2758 intuitu
349 2701 598 2773 patrimoniolium.
611 2719 638 2752 n.
653 2700 679 2750 3.
1000 2693 1133 2746 &notrici
1144 2693 1218 2748 inter
1222 2704 1413 2765 protestantes.
1426 2708 1453 2744 n.
1468 2691 1513 2742 ³³.

140 2788 216 2856 Quae
227 2785 258 2840 in
270 2785 380 2855 reliquie
388 2783 547 2854 dignitatum
557 2783 692 2837 classibus
700 2779 815 2836 nanta
827 2783 948 2838 ueniant.

171 2888 248 2927 1111111.
262 2871 287 2926 ³.

136 2951 218 3008 cirea
231 2949 376 3006 troandum
389 2949 500 3002 classem
515 2957 572 3002 not.
585 2965 613 3000 a.
625 2946 652 3000 ³.
784 3011 788 3019 Ι

138 3038 153 3088 1
183 3036 227 3090 De
243 3033 418 3105 dignitatibus
436 3034 544 3089 ratmne
561 3030 607 3084 sui
630 3028 713 3095 ipsius
739 3025 949 3099 temporalibus.

172 3135 245 3176 num.
257 3120 285 3172 t.

136 3204 256 3273 31311111
265 3201 310 3256 cai
318 3198 465 3269 ooqrsirat?
477 3197 626 3251 remissive.
640 3213 666 3248 n.
675 3195 704 3249 ³.

135 3289 159 3342 3
178 3291 220 3342 De
232 3283 406 3356 dignitatibus
421 3292 548 3353 perpetuo
561 3277 658 3348 afficio
669 3277 863 3334 accedentibus.
877 3297 904 3332 n.
917 3279 942 3331 3.

137 3376 159 3427 t.
175 3367 271 3431 liciis,
284 3383 350 3436 qaae
362 3361 503 3420 ordinarie
515 3361 547 3416 ui
557 3361 643 3432 ipsius
654 3357 792 3432 &quitatis
804 3359 951 3433 acquirun-

169 3463 223 3506 tur.
235 3469 262 3504 rt.
278 3451 319 3504 10,
652 3459 658 3468 ·

139 3535 269 3600 Iuribus,
285 3531 448 3603 privilegiis,
467 3531 547 3584 rebat
562 3537 612 3582 eto.
638 3525 774 3600 qaomttti‘o
798 3525 951 3580 uratum?

172 3635 246 3672 num.
261 3619 304 3670 tt.

135 3703 179 3756 De
190 3697 355 3770 obligatione
365 3698 526 3754 rucceuorr'r
539 3698 569 3750 in
581 3691 685 3768 officio.
700 3713 728 3750 n.
744 3693 791 3750 tt.

136 3786 247 3858 Regula.
261 3803 288 3838 n.
302 3786 347 3838 13.

137 3871 299 3930 limitatur.
312 3885 340 3922 a.
354 3865 397 3919 tt.
410 3880 467 3936 sep.

136 3959 184 4013 Aa
200 3952 280 4025 filius
291 3952 378 4019 possit
396 3950 426 4002 in
435 3946 527 4018 sencio
544 3945 684 4004 suaserim
706 3955 735 4001 et
753 3945 951 4002 haereditatem

169 4037 257 4109 patris
267 4031 427 4102 repudiare?
439 4051 466 4084 n.
481 4032 523 4083 13.

139 4117 320 4188 Respondetar
330 4115 471 4183 negando.
485 4133 513 4166 11.
526 4113 573 4174 tt.

141 4209 250 4275 Agnato
263 4209 353 4255 autem
365 4197 396 4250 iti
406 4197 492 4252 liceat.
504 4213 531 4252 n.
544 4195 589 4249 13.

139 4285 273 4342 lintion.
288 4283 331 4336 13.

139 4373 184 4427 De
196 4367 349 4430 retittbor,
356 4363 506 4436 fiuctibus.
520 4358 634 4424 solario,
648 4369 697 4414 etc.
709 4375 738 4412 n·
750 4357 792 4413 33.

143 4461 252 4528 Quaen.
259 4455 315 4527 jur.
327 4467 389 4505 can.
407 4465 471 4504 num
489 4445 737 4518 oleriaisructuum
758 4439 950 4514 3111113331ὁ

175 4535 430 4594 minimatum.

140 4626 202 4678 Non
222 4621 316 4694 iniqua
335 4618 474 4673 contraria
496 4615 632 4670 sententiis
656 4621 774 4685 aspectu
793 4607 947 4682 pontificio·

173 4725 241 4762 ram.
254 4725 281 4761 a.
293 4704 337 4758 ³2

139 4787 261 4860 Effectus
272 4783 445 4857 quaestionis.
457 4801 484 4836 n.
499 4782 542 4834 33.

139 4875 180 4928 De
186 4872 250 4945 jars
264 4867 399 4924 canonico
414 4877 535 4936 negatur.
553 4881 580 4918 11.
593 4861 638 4916 33.

142 4957 190 5008 Be
203 4951 349 5008 recentiori
359 4948 531 5005 obseruantia
543 4946 709 5018 affirmatur.
722 4963 748 4998 tt.
761 4943 805 4998 ³³2

142 5039 293 5110 Queruntur,
308 5051 345 5088 an
358 5031 528 5088 reneoturael
539 5027 754 5094 restitutionem,
768 5032 797 5083 si
814 5029 886 5086 mole
903 5047 952 5086 eo-

171 5118 311 5184 pendant?
321 5117 471 5178 remitsiae.
485 5133 513 5168 n.
527 5115 569 5168 33.

139 5202 298 5258 Dentatum
311 5210 404 5256 tomen
418 5209 457 5254 est
475 5195 623 5252 restrictior
639 5194 748 5251 ratione
770 5193 952 5265 dispositionis

174 5305 226 5354 per
238 5285 358 5340 ultimam
369 5284 560 5337 uoluntatem.
572 5297 601 5334 n.
615 5279 662 5334 33.

143 5372 185 5426 ne
196 5367 334 5424 canonicis
346 5368 431 5439 quiri?
442 5385 470 5419 n.
483 5366 528 5418 ³³.

139 5457 172 5508 ln
188 5451 396 5521 protestantium
408 5447 526 5504 ecclesiis
537 5447 605 5520 quid
613 5445 761 5500 obtineat?
774 5463 800 5497 n.
812 5444 855 5496 33.

138 5536 250 5594 Salaria
264 5547 289 5591 et
301 5535 480 5591 emolumento
492 5533 569 5602 plene
582 5529 732 5602 acquirunt.
746 5547 773 5580 11.
786 5528 829 5582 33.

140 5623 215 5678 iiim
222 5618 336 5691 fructus
350 5637 383 5675 ac
393 5615 511 5676 redditus
523 5616 648 5672 incertos.
662 5631 689 5670 n·
703 5613 759 5666 ³1.-

999 2775 1185 2844 Prosessores.
1198 2794 1226 2828 n.
1240 2777 1286 2828 ³³.

1002 2855 1042 2910 De
1056 2855 1168 2927 reliquit
1181 2855 1359 2923 dignitatibus
1368 2855 1468 2926 regatc.
1483 2873 1511 2908 n.
1526 2853 1570 2908 37.

998 2936 1079 2990 Finis
1092 2936 1265 2992 salariorum.
1280 2956 1309 2991 11.
1321 2939 1367 2991 33.

999 3024 1037 3076 Π.
1051 3021 1255 3075 Eurotuuenrte
1264 3020 1498 3075 entraordinariis
1516 3023 1573 3078 sias
1590 3019 1726 3092 aequante
1742 3040 1817 3078 oum·

1033 3106 1112 3159 ricae
1124 3114 1174 3158 etc.
1187 3121 1244 3158 non
1263 3121 1302 3157 ec
1314 3115 1415 3158 notura
1428 3103 1576 3170 dignitatis.
1586 3121 1613 3158 n.
1624 3104 1669 3157 ³³.

1002 3188 1044 3240 Dc
1056 3187 1242 3241 emlerclsrtiait
1253 3187 1431 3256 dignitatibus
1442 3198 1468 3240 et
1489 3187 1629 3257 acquisitis
1648 3185 1726 3242 cicuta
1748 3201 1815 3242 anei

1037 3285 1109 3324 13301
1123 3287 1151 3321 33.
1163 3269 1208 3322 ³³.

997 3353 1028 3409 Si
1037 3353 1266 3422 contemplatione
1277 3353 1407 3408 ecclesiae
1419 3355 1570 3423 quaesitum
1579 3349 1684 3424 oliwid
1693 3349 1762 3406 aedit
1773 3367 1816 3404 ee·

1033 3437 1131 3490 clersisr
1141 3452 1180 3488 ec
1186 3435 1249 3504 p‘urr
1259 3453 1360 3490 utnon.
1372 3445 1397 3486 et
1409 3451 1508 3488 comm.
1520 3453 1547 3488 n.
1561 3433 1607 3486 31.

998 3517 1046 3573 tta
1058 3536 1097 3573 ec
1098 3518 1242 3589 fructibus
1255 3513 1385 3583 benficfi
1396 3517 1546 3582 remissior.
1559 3539 1587 3572 n.
1600 3518 1643 3571 33.

998 3601 1045 3656 tta
1063 3621 1099 3657 erc
1116 3602 1193 3656 reims
1220 3600 1349 3655 extortae
1370 3601 1497 3672 reliquis,
1524 3600 1616 3655 itidem
1641 3599 1711 3656 edit
1733 3599 1815 3655 eoele-

1033 3683 1100 3739 tiae.
1114 3702 1142 3736 n.
1155 3682 1198 3736 33.

998 3767 1177 3840 supraprte
1196 3765 1292 3824 labore
1306 3767 1447 3840 praelatus
1467 3765 1534 3840 quid
1548 3767 1681 3839 acquirim-
1699 3769 1823 3842 acquirit

1032 3853 1093 3908 tibi.
1106 3869 1132 3904 a.
1145 3852 1191 3904 33.
1200 3869 1247 3924 seq

1001 3933 1093 3990 noeto.
1106 3951 1133 3987 n.
1149 3932 1194 3985 33.

1000 4015 1116 4080 111111,11”
1125 4031 1164 4068 ec
1172 4013 1230 4070 suis
1239 4015 1320 4069 rebor
1328 4016 1573 4086 patrimonialibus.
1585 4035 1615 4076 n.
1632 4015 1676 4073 37.

1001 4101 1055 4152 Iler
1062 4095 1277 4169 paertnantater.
1288 4115 1316 4150 11.
1329 4099 1373 4152 33.

1004 4179 1045 4234 De
1058 4181 1442 4236 donatione-remuneratam.
1456 4201 1483 4236 n.
1497 4185 1540 4238 13.

1001 4263 1034 4315 In
1046 4261 1127 4318 dubio
1139 4263 1289 4333 sequimur,
1304 4265 1330 4316 1.
1343 4265 1417 4332 quod
1428 4265 1573 4322 ven'simile
1581 4279 1628 4323 est
1642 4289 1669 4323 n.
1680 4269 1722 4322 ³⁰.
1736 4285 1790 4342 req·

999 4345 1025 4398 3.
1040 4345 1121 4412 Quod
1134 4343 1343 4414 plerumquefit.
1356 4365 1384 4398 11.
1397 4345 1443 4397 33.

999 4429 1023 4478 3.
1042 4425 1124 4496 Quod
1132 4428 1203 4497 leger
1210 4427 1351 4496 praesumi
1359 4429 1466 4482 uolunt.
1479 4449 1505 4484 n.
1519 4431 1573 4485 ³³.-

1001 4509 1036 4562 ll't
1048 4512 1218 4581 distinguunt
1234 4527 1363 4565 conones.
1379 4528 1410 4566 n:
1423 4513 1465 4565 33.

1000 4597 1059 4652 Aut
1073 4593 1177 4657 babuit,
1190 4593 1248 4648 olio
1260 4595 1332 4647 bona
1342 4595 1497 4664 praeturae,
1517 4609 1545 4652 tt
1559 4615 1611 4669 pro
1623 4617 1655 4656 ro
1675 4612 1716 4656 cst
1732 4621 1809 4671 prae·

1031 4677 1157 4741 sumptio.
1168 4693 1196 4728 n.
1209 4675 1256 4727 ³³.

998 4761 1056 4814 Aut
1066 4777 1132 4823 non,
1144 4767 1171 4812 et
1179 4771 1228 4827 pro
1241 4757 1353 4812 cocheio
1361 4757 1551 4828 praesumitur.
1563 4777 1590 4812 n.
1603 4761 1646 4815 33.

999 4843 1162 4896 meorotur
1175 4853 1277 4895 tomen.
1291 4859 1317 4894 n.
1331 4843 1373 4894 ³7.

1001 4929 1059 4980 Aut
1066 4926 1151 4994 plane
1163 4939 1221 4979 non
1232 4935 1347 4990 coastat,
1360 4935 1385 4978 et
1398 4927 1419 4977 it
1433 4939 1495 4978 runt
1506 4942 1558 4994 pro
1569 4925 1680 4983 mittio
1695 4943 1809 5000 praesu·

1035 5011 1127 5064 nrt'tur.
1142 5027 1169 5062 11.
1181 5009 1224 5062 33.

1000 5091 1065 5148 Nisi
1076 5093 1208 5162 probetur
1219 5089 1394 5148 contrarium.
1410 5107 1438 5144 n.
1451 5092 1494 5145 33.

999 5179 1038 5234 lt
1045 5176 1132 5246 iuicoe
1145 5175 1292 5230 arbitretur
1300 5190 1337 5227 ra
1348 5175 1567 5242 circumstantiis,
1580 5195 1607 5230 11.
1620 5177 1663 5232 33.

1007 5259 1091 5316 rituti
1100 5259 1231 5322 taarann',
1243 5261 1293 5329 qui
1300 5259 1434 5315 dicontur.
1449 5279 1476 5314 n.
1488 5261 1531 5312 31.

1001 5344 1055 5399 Hic
1071 5339 1237 5404 notandum,
1256 5341 1333 5414 atejus
1351 5341 1581 5412 contemplatione
1603 5345 1671 5416 qaid
1689 5348 1809 5418 acquire·

1037 5439 1082 5484 tur
1093 5437 1141 5480 etc.
1152 5425 1197 5480 iili
1204 5425 1281 5479 cedit.
1295 5443 1321 5478 n.
1335 5425 1379 5481 ³2.

1002 5517 1034 5567 In
1045 5511 1137 5577 dultia,
1150 5508 1215 5582 quiri
1223 5507 1346 5566 obtineat
1359 5509 1387 5564 ia
1400 5507 1574 5566 baereditas.
1587 5527 1614 5564 11.
1629 5511 1674 5564 33.
1685 5527 1741 5582 req.

985 5635 993 5655 2.
1002 5595 1149 5672 Inieqatis.
1161 5612 1188 5648 11.
1202 5593 1245 5648 33.
