4400 6218
583 331 1066 478 nrsrursrro
1108 375 1396 473 curura

216 588 1790 721 ·uooonsuuonueuuuuq2

229 772 231 780 Ι
505 781 508 790 ¹
532 911 536 922 Δ
652 849 708 892 ΜΠ
728 847 800 895 ΠΗ.
823 793 1086 906 mellendum
1109 761 1342 920 nicanum.

742 943 744 948 V
799 917 1238 1057 arcacensem.
1317 1079 1319 1090 Ι

255 1111 270 1200 .'
331 1259 336 1264 Ι
403 1135 595 1230 tonans.
620 1091 1096 1277 crrnrsuorrrononrs.
1121 1102 1588 1274 eruaw0n20e1r1r=
1648 1237 1693 1263 ..
1735 1157 1744 1246 ν,
1795 1087 1801 1102 ’

610 1606 613 1618 Α
836 1517 1147 1641 incensans,
1209 1517 1213 1524 ’
1268 1507 1272 1516 ’

156 1759 360 1904 Ρνίησίροι
384 1807 540 1882 subditis
555 1815 626 1883 suis
649 1817 842 1904 imperent,
866 1810 958 1878 ratic
980 1827 1092 1880 statur
1114 1813 1217 1878 etiam
1235 1808 1473 1902 principibus3
1496 1811 1641 1902 graviter
1661 1834 1753 1880 more
1768 1833 1829 1882 suo

176 1907 351 1972 mannaim
375 1902 540 1972 illustriss.
565 1906 636 1972 dux
660 1905 702 1970 'de
725 1903 842 1970 lloban
868 1904 908 1968 in*
927 1905 1054 1978 trutina
1077 1919 1223 1969 statuum
1248 1901 1415 1992 Europae.
1438 1900 1538 1992 Quod
1563 1908 1604 1969 ed
1629 1925 1706 1970 saue
1731 1903 1831 1970 intel·

150 1929 322 2084 ligandum
347 1992 514 2080 existimo:
537 2019 603 2064 esse
628 1993 787 2062 rationem
809 2001 914 2060 status
934 2015 1131 2086 cynosuram
1156 1992 1246 2058 illam
1274 1991 1489 2085 Principum,
1517 2011 1619 2084 quam
1650 1993 1833 2061 intentissi·

151 2089 213 2148 mis
234 2082 344 2148 oculis
368 2083 565 2152 intueantur
588 2104 725 2175 semper.
748 2083 924 2175 Siquidem
942 2084 1019 2150 haec
1036 2082 1122 2150 nibil
1138 2081 1231 2148 aliud
1246 2083 1376 2149 ambitu
1392 2093 1452 2150 suc
1467 2081 1714 2174 complectitur,
1729 2105 1833 2178 quam
1916 2151 1924 2162 x

148 2195 265 2239 arcana
294 2171 365 2252 itta,·
391 2189 463 2239 eta
493 2177 550 2241 vul
573 2178 735 2244 iratiune
755 2173 931 2238 remotiora
957 2171 1190 2261 fundamenta,
1213 2183 1248 2238 et
1273 2172 1397 2256 media,
1421 2173 1545 2264 quibus
1569 2171 1746 2260 fundatur,
1774 2173 1835 2258 fir7

151 2276 259 2328 m'arur
283 2283 320 2327 ac
344 2267 494 2356 angetur
509 2269 660 2356 anusvis
684 2265 815 2354 imperii
845 2271 970 2344 status,¹
996 2275 1077 2333 teste
1102 2259 1308 2331 Buccelt'no.
1330 2262 1442 2353 Quae,
1466 2263 1494 2329 si
1520 2264 1752 2354 negligantur,
1775 2268 1842 2332 aut'

151 2375 218 2418 non
245 2355 348 2442 probe
366 2350 615 2446 'irrtelli'garitun
639 2375 697 2422 aut
715 2353 970 2440 custodiantur,
996 2352 1088 2420 facile
1112 2355 1176 2419 erit
1197 2353 1319 2438 callido
1342 2353 1506 2447 lroati,„ea
1531 2345 1654 2434 sibiet
1670 2352 1737 2418 illis
1753 2351 1833 2454 ipsis

148 2465 266 2532 parare
291 2441 376 2522 tela,
401 2443 526 2536 quibus
549 2443 714 2512 debellare
733 2455 777 2512 'ex
802 2445 981 2532 improviso
1005 2443 1205 2534 principem,
1233 2463 1273 2531 et⁴
1297 2443 1454 2512 universo
1479 2445 1579 2510 'statui
1608 2443 1835 2534 gravissimam

148 2532 276 2597 inserte
299 2534 460 2622 jucturam
488 2537 605 2616 relect.
627 2533 805 2603 Caeterum
830 2533 954 2618 babent
977 2537 1078 2600 etiarn
1102 2535 1138 2598 iu
1164 2533 1218 2600 illa
1243 2533 1313 2626 ipsa
1338 2533 1599 2620 decantatissima
1617 2525 1746 2600 ratione
1769 2541 1847 2622 ata-'t

148 2634 204 2690 tus
230 2623 432 2710 incunabula
457 2649 516 2692 aua
542 2624 784 2714 praetensibnes
808 2624 952 2690 illustres
976 2645 1107 2701 ornnes,
1132 2646 1214 2716 quas
1237 2623 1326 2709 inter
1354 2648 1471 2716 agmen
1500 2620 1836 2690 ducunttamosint·

147 2735 225 2777 mae
248 2714 599 2802 quaestioneastatus,
623 2740 710 2808 quae
733 2737 801 2780 ‘uon
826 2727 955 2782 tantum
981 2716 1068 2782 inter
1092 2734 1147 2780 eos
1172 2729 1348 2783 moventur
1370 2715 1501 2797 erebro,
1517 2713 1578 2802 qui
1595 2709 1684 2778 civili
1705 2713 1835 2780 vinculo

143 2803 385 2884 continentur,
408 2799 441 2872 et
465 2808 610 2898 ejusdem
637 2807 742 2897 princi
771 2807 797 2872 is
815 2822 1023 2880 venerantur
1045 2800 1267 2895 majestatem,
1297 2806 1356 2874 sed
1388 2817 1421 2872 et
1446 2802 1535 2870 iuter
1566 2823 1712 2871 summas
1738 2813 1834 2890 pote-

143 2906 268 2968 states,
293 2904 327 2956 el
350 2897 610 2982 nmublicnao
635 2831 847 2988 periculosius
868 2908 1083 2972 exercentur,
1107 2913 1176 2984 quo
1203 2899 1322 2986 melori
1350 2893 1725 2982 calore'suscipiuutur.
1748 2891 1838 2960 Hinc

145 2983 352 3054 innumerae
363 2983 435 3054 illae
445 2990 692 3066 contentiones..
705 3011 762 3078 per
773 2987 1037 3077 longaternposia
1050 2989 1154 3074 spacia
1171 2985 1394 3067 continuone,
1411 2983 1611 3050 immortales
1626 2979 1835 3065 inimicitiae,

147 3095 231 3162 rege
255 3095 385 3164 regem,
409 3077 560 3172 principe
584 3080 790 3184 principem,
813 3076 944 3168 republ.
969 3075 1133 3166 rempubl.
1153 3075 1322 3152 libertate.
1337 3073 1517 3166 religione,¹
1538 3071 1697 3154 lertnnis,
1713 3072 1837 3163 patria„

141 3169 291 3251 opibus,
313 3183 348 3231 at
369 3166 640 3258 dignitate‚⁷imc
662 3184 761 3248 ettam
779 3170 832 3235 ‘im
877 3166 927 3236 rie
957 3169 1026 3255 ipse
1056 3165 1272 3234 exuentibus.
1300 3165 1389 3234 Sane
1419 3187 1493 3232 cunt
1529 3162 1707 3252 Philippus
1734 3183 1838 3228 mace·

143 3255 305 3344 detricos,
333 3254 433 3321 veluti
458 3279 480 3324 e
500 3261 630 3350 specula
655 3259 797 3350 quadarn
859 3279 1025 3324 raeeorum
1050 3256 1196 3323 libertati
1220 3255 1457 3338 insidiaretur,
1483 3275 1622 3345 maguus
1645 3249 1837 3318 Alexander

142 3345 213 3411 sola
239 3345 426 3424 ambitione
450 3357 509 3438 p‘ro
533 3353 607 3440 jure
631 3352 762 3432 nitens,
783 3361 886 3415 totum
911 3345 1076 3413 affectaret
1098 3339 1235 3434 orbem,
1257 3347 1421 3426 Romani,
1444 3343 1524 3412 allos
1540 3364 1631 3435 reges
1653 3339 1835 3430 deponere,
1931 3369 1938 3383 ·

143 3453 180 3500 et
204 3437 688 3526 instituere,·praesnmerent,
712 3439 800 3506 unde
825 3436 971 3502 insolens
993 3437 1083 3528 apud
1110 3438 1329 3504 Ammianum
1354 3437 1502 3528 jactatio,
1527 3435 1638 3502 Remu
1660 3444 1837 3498 terrarum
1935 3446 1939 3454 '

143 3524 304 3607 domina,
330 3526 364 3590 ld
389 3527 632 3624 quod'egr'egie
654 3530 812 3596 etiam'in
838 3527 1002 3594 Henrr'cis
1026 3527 1148 3592 imitati
1170 3540 1248 3610 sunt
1272 3527 1443 3618 pontifices
1468 3527 1624 3611 romani3·
1644 3533 1683 3587 ut
1712 3531 1835 3588 taceam

144 3615 361 3684 donationem
385 3617 476 3682 orbis
500 3621 593 3697 novi,
618 3618 754 3708 regibus
777 3616 937 3686 Castellae
960 3617 1202 3684 et'Lusitaniae
1217 3617 1280 3682 sub
1295 3613 1359 3684 fide
1371 3615 1555 3682 clientelari
1572 3615 1706 3698 sactum,
1723 3630 1836 3676 nonne

144 3717 211 3784 1100
235 3724 304 3773 erat
326 3707 561 3796 quaestionem
580 3723 684 3778 status
709 3711 833 3802 regnis,
860 3707 1025 3798 imperiis,
1051 3709 1117 3774 imo
1141 3709 1296 3788 universo
1318 3707 1432 3800 generi
1458 3707 1604 3792 bumana
1622 3696 1837 3768 rnover'et'Er

145 3797 354 3874 nculcatius
379 3799 585 3888 progrediar,
610 3799 834 3867 in'cnmmuni
860 3813 966 3866 nostra
991 3779 1097 3888 patria
1122 3793 1302 3878 Germania
1327 3796 1442 3864 eadem
1473 3818 1561 3862 nunc
1589 3791 1720 3860 luditur
1737 3789 1831 3870 alea,
1879 3823 1882 3828 ·

146 3885 444 3988 periculosissimo,
469 3889 511 3974 ui.
530 3891 625 3961 Deus.
643 3903 768 3956 avertat
789 3912 909 3971 omen,
934 3893 1033 3986 jpctu.
1058 3887 1123 3955 vn
1142 3889 1237 3962 ¹enim
1258 3885 1559 3962 truculentissimus
1575 3879 1748 3968 christiani
1774 3903 1834 3944 no·

145 3987 263 4064 minis.
282 3977 400 4058 hostis,
428 3971 557 4061 Turca,
585 3981 738 4060 orientis,
767 4003 834 4085 qna
863 3977 930 4066 late,
960 3991 1063 4067 patet,
1093 3978 1292 4068 imperator,
1314 3974 1613 4084 quaestionem.de
1642 3969 1834 4060 occupando

146 4075 293 4166 imperio
314 4063 508 4150 occidentis,
531 4073 644 4138 animo
665 4068 799 4138 demisit
820 4089 897 4148 suo,
919 4092 957 4136 ex
984 4069 1158 4134 viennensi
1174 4091 1265 4159 agro,
1281 4069 1425 4160 aliisque
1446 4064 1658 4160 Hungariae,
1674 4059 1832 4140 Besuiae,

144 4155 560 4252 Sclaveniaeque'finibu's
585 4181 699 4251 magna
723 4176 829 4250 strage
852 4163 1008 4250 rejectus,
1030 4155 1127 4238 adeo,
1153 4169 1188 4224 ut
1211 4159 1451 4228 invictissimus
1471 4151 1676 4244 Laopoldus,
1698 4173 1832 4218 succen-

144 4257 319 4326 turiante,
340 4263 372 4316 et
394 4269 525 4314 causam
553 4249 696 4316 victoriis
720 4251 820 4315 variis
843 4249 1019 4342 adjuvante
1035 4247 1129 4326 Deo,
1153 4248 1371 4336 ipsisTurcis
1386 4254 1469 4339 jam,
1483 4236 1597 4337 majori
1614 4261 1725 4310 tamen
1741 4246 1830 4334 jure,

143 4340 379 4434 quaestionem
398 4336 447 4424 de.
466 4347 510 4404 tor
523 4340 656 4432 regnis,
682 4338 927 4430 provinciisque
951 4340 1016 4404 imo
1038 4338 1116 4424 ipsis
1133 4337 1302 4429 Europae,
1327 4340 1493 4430 Asiaeque
1517 4333 1683 4415 terminia,
1700 4353 1832 4400 movere

143 4433 313 4498 videatur.
338 4424 453 4517 Quid?
476 4427 588 4494 Gallia
613 4430 748 4518 interim
773 4445 820 4496 tet
841 4426 1196 4519 moguinimlideiqne
1221 4430 1377 4506 vinculis,
1406 4447 1445 4497 ut
1471 4424 1685 4506 credebatur,
1713 4419 1831 4488 firmis-

143 4526 263 4599 simis,
287 4517 428 4606 imperio
447 4533 586 4602 romano
608 4517 795 4610 germanico
818 4521 954 4602 innexa,
976 4531 1031 4606 tot,
1048 4533 1083 4583 et
1105 4529 1195 4586 tauta
1220 4515 1369 4610 undique
1400 4534 1559 4586 ueerecta
1577 4509 1721 4581 victricis
1736 4514 1850 4602 aqui·-

143 4613 196 4680 lae
222 4607 381 4699 trophaea
405 4605 565 4696 obliquis,
589 4614 624 4673 e't
646 4605 794 4676 invidiae
816 4609 919 4676 livore
942 4605 1074 4673 anllusis
1098 4601 1294 4675 intuebatur
1315 4543 1441 4691 oculis,
1464 4620 1498 4674 et
1521 4605 1601 4672 dum
1631 4605 1668 4669 in
1695 4603 1830 4710 qccieta·

145 4717 214 4770 tem
239 4697 398 4766 victoriae
424 4697 657 4765 venirelnud·
672 4709 815 4788 poterat,
839 4699 901 4765 clia
927 4723 965 4762 er
993 4707 1084 4784 parte
1106 4694 1269 4765 desiderio
1284 4723 1343 4766 suo
1358 4699 1578 4778 satisfactura,
1594 4693 1723 4788 Rheni,
1741 4691 1830 4760 llloe·

147 4795 205 4875 ni,
230 4789 338 4868 llicri,
363 4797 393 4851 et
421 4783 527 4851 ltlosae
549 4787 632 4854 fines
656 4801 779 4872 tentat,
802 4785 1100 4876 difficillimamque
1122 4785 1352 4874 quaestionem*
1371 4790 1413 4856 de
1436 4789 1587 4858 libertate
1611 4783 1831 4864 Germaniae,

144 4893 303 4971 stupente
332 4879 489 4941 universo
516 4877 612 4958 orbe,
644 4878 802 4946 instituit.
830 4876 935 4946 lllovit
968 4877 1045 4942 baec
1067 4898 1198 4944 cruenta
1224 4878 1375 4970 quaestio
1397 4881 1434 4946 in
1458 4875 1630 4944 umbratili
1661 4897 1829 4942 musarum

145 4973 304 5064 palaestra
330 4967 411 5032 milri
435 4963 616 5033 decertanti
641 4969 805 5048 animum,
830 4981 866 5034 ut
893 4984 1060 5058 postquam
1086 4969 1295 5060 superiorum
1330 4969 1516 5035 venerando
1545 4971 1638 5059 jussu
1667 4965 1830 5056 specimen

143 5057 286 5154 aliquod
310 5051 529 5124 academicum
555 5058 649 5125 nobis
673 5057 907 5128 elaborandum
933 5072 1010 5122 ante
1032 5055 1162 5150 aliquot
1176 5060 1373 5149 septimanas
1390 5057 1644 5151 injungebatur,
1667 5057 1709 5121 de
1725 5077 1831 5145 quae·

144 5148 316 5219 trionibus
338 5159 439 5212 status
462 5147 642 5238 generatim
667 5138 828 5238 quaedam
853 5146 1084 5231 commentari,
1107 5159 1139 5214 et
1163 5152 1303 5240 quaein
1320 5149 1530 5224 hacmaterie
1546 5148 1624 5226 hinc
1640 5146 1720 5212 inde
1736 5145 1843 5234 spar-v

144 5245 208 5308 sim
232 5236 446 5328 collegimus,
469 5236 645 5304 academici
668 5236 817 5304 exercitii
844 5238 934 5316 vice,
957 5235 1109 5328 publicae
1132 5237 1309 5328 doctorum
1327 5237 1538 5308 ventilationi
1552 5233 1828 5328 exponere‘hand

142 5329 423 5404 dubitaverimus.
449 5324 543 5392 Licet
561 5343 667 5394 autern
691 5342 724 5394 et
746 5329 931 5418 argumenti
948 5328 1105 5418 propositi
1121 5333 1278 5434 gravitas,
1292 5347 1326 5400 et
1341 5331 1495 5418 temporis
1508 5327 1695 5396 adubitum
1711 5325 1826 5418 injun-

142 5421 187 5486 cti
211 5417 518 5509 augu'stia,„justam
544 5415 627 5482 milri
653 5413 807 5507 praebere
829 5418 972 5508 ,posti'nt-
990 5431 1256 5501 exeusationem,
1281 5420 1385 5510 placet
1412 5437 1539 5502 tamen,
1568 5441 1635 5486 non
1666 5417 1732 5486 uisi
1761 5415 1828 5482 solo

144 5533 197 5576 me
219 5509 307 5574 tueri
334 5507 433 5572 titulo
456 5505 552 5572 iatius
575 5509 706 5586 aetatis,
729 5529 813 5597 qua,
838 5527 875 5574 ut
896 5519 972 5574 curn
996 5505 1104 5576 Fabio
1128 5503 1267 5601 loquar,
1283 5525 1317 5577 at
1337 5515 1439 5578 vanu
1462 5525 1529 5592 est,
1552 5527 1587 5577 et
1608 5527 1700 5601 spes,
1718 5508 1825 5593 etfa-

141 5619 217 5678 νον,
240 5591 436 5664 ar‘aartm.
453 5615 521 5661 non
543 5593 703 5674 dedecet,
723 5613 758 5663 et
779 5599 812 5664 εἰ
833 5593 917 5688 quid
939 5595 1029 5680 desit¹
1050 5601 1160 5691 operi,
1183 5615 1281 5668 uetus
1303 5601 1463 5694 supplere
1482 5617 1607 5694 potest.
1633 5600 1673 5668 ln
1698 5619 1767 5692 quo
1790 5613 1823 5667 et

143 5691 273 5756 sincero
298 5705 357 5752 tuo
381 5686 415 5765 b.
440 5684 466 5751 l.
491 5707 601 5755 amore
624 5684 782 5777 conlisus,
806 5687 894 5758 boue
915 5711 993 5756 cunr
1018 5687 1091 5761 Deo
1113 5691 1319 5783 auspicabor.
1419 5727 1422 5732 ·
