4450 6208
248 217 303 276 eae
725 191 860 271 nauso
880 211 1047 270 uacasse
1066 211 1103 266 m
1125 209 1274 270 amitus
1295 227 1353 270 su.
1772 231 1826 290 3„

197 316 281 384 magis
298 311 403 366 illorum
423 309 474 366 lilii
492 311 663 366 excludentur
680 327 694 363 s
712 310 795 364 lrutre
812 311 938 382 utrinque
955 323 1018 362 onn-

196 402 301 468 juncto‚
321 397 381 466 quir
402 393 452 448 suit
479 397 596 450 meli-ris
618 394 782 454 conditionis
809 412 936 448 essenon
958 411 1018 464 pos·

196 493 273 545 nent,
292 497 369 550 qsum
390 478 440 532 luit
460 494 530 549 pater
548 481 663 550 ipsorum
684 491 709 532 et
727 480 788 533 hinc
811 479 837 533 ri
854 479 934 532 vince
952 479 1016 529 vin·

197 575 303 618 centem
329 562 488 634 te‚sortiur
512 574 538 616 te
563 562 650 619 einos.
676 561 804 636 Koeppcn
829 563 923 618 conrii.
944 565 970 612 t.
989 580 1018 614 n.

202 651 262 701 lll'l.

141 738 180 794 58
236 731 264 786 Si
286 739 397 784 testator
415 729 512 783 habeus
531 729 595 784 duos
614 727 727 793 iratres,
740 727 829 798 Sejum
848 727 1016 784 etbleeiumc

200 818 289 885 Sejum
310 816 429 866 instituit
449 815 598 879 haeredem,
616 827 640 868 et
660 827 732 886 rogat
752 832 821 878 eum,
841 825 885 880 nt,
905 816 927 868 si
947 815 1019 870 dece·

199 901 242 955 dst
265 901 323 954 sine
347 899 450 963 liberis,
474 899 595 952 restituet
617 899 805 951 haereditatem
820 899 924 962 hierio,
942 897 1019 953 lrstri

200 1003 248 1040 suo
266 986 306 1038 sel
324 983 379 1037 suls
397 979 555 1036 haeredibus
580 999 620 1032 rna
637 983 714 1034 ruta.
735 981 845 1034 l'osthoc
859 981 962 1037 decedit
982 993 1020 1038 te·

199 1081 294 1133 stetur,
313 1070 410 1123 deinde
428 1067 531 1120 hierius
550 1069 645 1120 relicto
664 1078 761 1135 nepote
783 1085 814 1118 cs
832 1063 906 1132 titis,
924 1068 1021 1121 ultimo

147 1165 184 1222 59
204 1153 305 1208 decedit
326 1153 402 1221 Seiam
419 1151 479 1204 siue
504 1149 605 1203 liberis.
629 1151 787 1220 Quaeritur,
807 1168 837 1203 su
865 1151 917 1202 iste
939 1167 1021 1221 nepos

205 1253 238 1290 ex
257 1235 313 1290 att·
332 1238 492 1290 sdmittetur
510 1253 574 1306 prse
590 1235 752 1288 haeredibus
774 1235 808 1288 sb
820 1235 946 1288 intestato
965 1252 1020 1289 suc-

146 1331 184 1386 ω
202 1319 333 1376 cessuris?
351 1325 386 1376 ll.
410 1320 488 1394 Quod
514 1339 583 1383 nou,
608 1320 667 1390 quia
695 1330 779 1374 matre
803 1323 906 1374 excluse
926 1319 1023 1375 lortius

1070 307 1182 360 admisit
1208 325 1268 360 oum
1292 301 1529 378 descendentibus,
1546 331 1611 386 qens
1634 327 1743 378 nsturse
1761 327 1842 386 simut
1860 343 1888 392 er

1070 402 1208 460 parentum
1222 409 1361 448 commuue
1374 405 1463 450 sotum
1475 401 1507 450 tul
1523 399 1707 460 haeredium
1716 421 1795 478 mest,
1807 419 1888 472 multe

1071 475 1154 543 magis
1167 477 1312 530 censemus
1330 487 1371 530 est
1387 484 1525 551 coniugem
1544 485 1684 542 admittere
1700 493 1815 551 soluisse
1825 515 1884 556 eum

1071 559 1274 612 ascendentibus
1284 599 1292 624 ,
1303 579 1370 632 qums
1381 563 1488 616 deinum
1508 568 1575 624 ratic
1588 571 1769 630 miseretinnis
1781 581 1814 631 sd
1827 601 1886 636 suc·

1070 642 1214 696 cessionem
1235 655 1314 698 ronst.
1333 645 1352 696 l.
1363 647 1438 716 aff.
1457 652 1584 706 undeh'd.
1595 655 1620 708 ri
1631 660 1705 708 euim
1723 661 1806 718 uiuos
1820 665 1884 719 uin·

1069 737 1173 778 cenem
1185 727 1368 796 te,Jisrte'uste
1378 733 1465 784 uince.
1476 735 1530 786 Nec
1545 736 1633 792 obstat
1651 741 1838 812 imperatorem
1857 749 1885 804 in
1905 753 1941 808 id

1070 807 1096 860 d.
1116 821 1184 864 auct.
1205 807 1320 864 filiumm
1342 822 1440 868 tanturn
1461 821 1631 877 meminisse:
1646 825 1673 876 id
1692 827 1764 880 enim
1786 847 1838 884 non
1853 851 1890 888 re-

1073 895 1238 959 strictionis,
1251 897 1296 950 sed
1317 900 1431 969 exempli
1450 917 1526 954 ceusu
1544 902 1640 960 lectum
1658 920 1714 974 ess,
1732 914 1800 982 quod
1814 919 1889 970 esin-

1072 974 1105 1028 de
1123 989 1206 1047 patet,
1226 980 1288 1032 dum
1307 983 1347 1034 eis
1366 985 1555 1055 proprietatem
1572 1003 1677 1056 qnsrtse
1695 1007 1827 1052 resecrare
1839 1001 1891 1053 uel·

1073 1065 1126 1126 let,
1145 1066 1167 1118 si
1187 1078 1277 1120 essent
1293 1069 1412 1136 ejusdem
1430 1073 1558 1141 conjugii:
1572 1079 1722 1148 exemplum
1741 1091 1829 1136 sutem
1849 1101 1890 1137 re·

1073 1149 1156 1216 gulam
1177 1169 1229 1204 non
1250 1154 1390 1223 restringit
1406 1155 1424 1206 l·
1438 1155 1464 1210 9.
1475 1155 1556 1228 §.fisa
1570 1159 1604 1212 de
1611 1159 1668 1229 jun
1683 1163 1786 1233 refice.
1797 1165 1888 1238 ignor.

1074 1230 1177 1284 Deinde
1196 1233 1279 1297 estio,
1298 1252 1363 1305 quse
1382 1239 1464 1291 morit
1481 1239 1685 1309 imperatorem,
1703 1255 1731 1298 ut
1749 1253 1882 1317 superstiti
1900 1243 1936 1296 iii

1072 1315 1225 1368 concederet
1248 1321 1453 1383 successionem,
1472 1319 1539 1385 luit,
1560 1341 1592 1376 ne
1615 1337 1721 1396 cogatur
1747 1332 1774 1384 in
1795 1351 1888 1405 magna

203 1405 357 1460 excludetur
376 1401 464 1468 lilius,
477 1405 538 1470 quis
556 1402 582 1456 si
599 1403 676 1456 eiuro
695 1403 845 1457 uincentem
865 1412 904 1468 te,
914 1403 1023 1473 firrius

201 1500 227 1544 te
245 1489 332 1546 sinen.
351 1485 385 1540 Et
404 1487 441 1538 sic
460 1486 617 1556 praecedent
638 1481 762 1540 haeredes
776 1485 808 1538 ab
822 1486 943 1538 intestato
961 1501 1017 1538 suc·
1073 1482 1258 1548 ascendentes,
1275 1502 1354 1552 qcssm
1375 1481 1455 1540 filios.
1474 1489 1546 1541 llius
1570 1494 1662 1559 oostjux
1688 1511 1820 1564 superstes
1844 1504 1887 1556 stt.
1908 1502 1943 1554 65
2014 1505 2016 1512 “

208 1573 315 1628 οιιιιιιι.
334 1569 476 1625 Ererhard.
494 1573 525 1621 iu
543 1570 594 1622 loc.
613 1589 630 1622 u
651 1569 717 1640 maj.
1073 1565 1202 1619 mittenda
1214 1578 1253 1620 est
1264 1566 1295 1617 ad
1310 1569 1493 1624 haeuuttueu
1510 1573 1537 1624 iu
1552 1590 1678 1630 concursu
1696 1582 1891 1642 escendentium

147 1652 185 1706 dl
240 1655 342 1708 Ultimo
366 1654 394 1704 in
420 1653 585 1704 succcessioue
605 1653 749 1728 coniugum
771 1651 857 1720 regula
882 1661 970 1706 nostra
996 1670 1024 1705 se
1074 1656 1101 1699 et
1119 1648 1316 1704 collateralium.
1336 1650 1420 1706 hadr.
1439 1651 1517 1706 Kohl.
1536 1655 1890 1740 decurrere.eors1'u3.pm,

204 1739 393 1800 orsmrncudat,
412 1737 571 1806 praeprimis
590 1735 618 1786 in
637 1751 665 1786 ea
683 1735 837 1803 qrtscstione
869 1735 908 1786 hu
928 1739 1022 1804 conjux
1070 1733 1338 1801 percurbatus.
1358 1735 1403 1788 uhi
1423 1738 1539 1805 regulam
1560 1751 1674 1795 nostram
1694 1749 1835 1814 peneadem
1853 1753 1892 1804 dt.

202 1829 337 1892 superstes
355 1821 432 1889 inops
450 1819 555 1886 conjugi
570 1817 756 1888 praemoriunti
772 1819 894 1888 locupleti
909 1821 934 1872 iu
948 1839 1024 1890 quaer.
1074 1817 1126 1880 clt,
1145 1818 1248 1887 quando
1266 1817 1373 1871 vincens
1393 1829 1545 1890 surrogatur
1562 1825 1591 1877 in
1611 1827 1695 1880 laeum
1706 1829 1781 1884 ·slcti
1799 1851 1828 1888 a.
1847 1836 1890 1888 st.

206 1915 230 1956 ts
249 1899 422 1956 haereditetis
444 1901 573 1965 succedat,
590 1899 613 1952 si
641 1911 780 1954 concurrat
805 1917 864 1951 carm
883 1902 1022 1954 escenden-
1073 1909 1102 1953 et
1119 1899 1163 1950 nbi
1183 1901 1275 1952 cadem
1294 1900 1415 1954 vincendi
1434 1918 1510 1958 censs
1528 1907 1627 1962 subest·
1646 1926 1674 1963 tt·
1694 1911 1738 1964 68,

209 1985 289 2041 tibus.
307 1987 374 2040 Nam
395 1987 422 2036 in
440 1985 510 2038 nuth.
528 1995 672 2053 praeterea
690 2002 712 2036 c·
732 1983 790 2036 und
805 1983 855 2036 eir.
872 1994 899 2038 et
917 2003 964 2038 ree.
984 1987 1022 2038 di-
1113 1985 1221 2038 Possent
1240 1985 1323 2039 adhuc
1343 1986 1418 2057 plura
1435 1991 1555 2060 erempls
1568 1991 1679 2062 tubitet,
1691 2012 1756 2066 quse
1774 2001 1889 2070 regutm
1909 2001 1943 2054 oo

207 2071 282 2124 eitur
303 2081 402 2124 tentum
425 2071 458 2121 de
476 2065 558 2132 liliis,
579 2085 639 2122 rum
658 2067 754 2138 quibus
772 2071 866 2136 conjux
886 2070 912 2120 in
930 2082 1021 2139 quarta
1074 2077 1190 2120 nostram
1215 2066 1400 2133 sdrnitterente
1423 2069 1469 2123 sed
1492 2073 1618 2140 quonism
1643 2092 1676 2128 ex
1701 2077 1789 2134 siletis
1813 2085 1888 2144 omisi

206 2153 341 2216 seretti,
360 2165 385 2208 ur
403 2171 418 2207 e
436 2161 549 2222 propter
567 2151 621 2203 dici
642 2160 742 2222 posset,
762 2150 944 2220 imperatorem
959 2155 1023 2208 hauto
1074 2146 1230 2204 difficultati
1249 2150 1410 2206 sutislsctum
1430 2170 1487 2207 esse
1512 2153 1628 2226 conlido,
1650 2161 1744 2214 merito
1762 2165 1887 2237 colopho.

205 2238 345 2304 coujrspum
374 2239 564 2289 successionem
587 2255 619 2292 eo
636 2254 696 2289 cusu
723 2248 823 2288 tanturn
848 2239 1021 2306 concessisse,
1073 2251 1131 2286 acin
1151 2233 1212 2287 huic
1230 2233 1411 2290 dissertationi
1432 2237 1551 2308 impuno.

204 2324 227 2373 si
247 2319 434 2374 descendentes
453 2319 602 2386 usllueriut,
617 2321 645 2372 in
658 2336 783 2373 concursu
801 2338 860 2374 sero
878 2321 1020 2375 escenden-

148 2385 187 2438 οἳ
207 2405 273 2456 tiurn
293 2408 450 2474 restringere
463 2403 589 2458 soluisse
608 2403 659 2456 Sed
679 2403 701 2456 si
722 2404 864 2476 imperetur
882 2405 1020 2474 coniugem

631 2576 962 2654 ntsPtttu‘rto
1005 2575 1212 2650 DEClMA
1255 2575 1460 2668 Qtttttre

269 2773 403 2886 dd
472 2771 769 2886 detta
839 2771 1811 2908 eddehettttetttth

704 3023 745 3066 stt
767 3025 843 3068 mu
866 3024 955 3068 nrt.
982 3024 1150 3083 Slimllllll,
1175 3024 1259 3072 Hillo
1283 3027 1395 3069 ttttcxc.

1074 1408 1226 1468 psupertste
1244 1401 1346 1454 rivere:
1366 1403 1429 1455 haec
1446 1421 1506 1456 reru
1532 1405 1627 1462 lortius
1646 1411 1744 1466 militet
1762 1417 1888 1474 adsersus

1397 2399 1426 2454 S.
1462 2399 1495 2452 D·
1532 2403 1568 2464 ii.

941 3211 1110 3253 urrunnun
1116 3211 1154 3252 Ν

607 3371 881 3440 uttaorntan
906 3369 1105 3456 suanno,
1129 3369 1291 3440 nasac.
1317 3369 1493 3440 nuncu.

771 3637 1326 3686 ψ

836 3805 1251 3878 PROOEMIUM.

10 4087 14 4120 ¹
212 4013 478 4166 Cognatiouem
502 4073 680 4166 quemdem
703 4099 778 4142 cuns
803 4075 891 4142 iuter
914 4073 1063 4142 homines
1086 4071 1294 4144 constituerit
1318 4093 1447 4152 natura,
1471 4075 1729 4168 prudentissime
1751 4085 1881 4154 Heren-

10 4173 12 4204 '
213 4168 290 4232 uiua
312 4165 405 4232 dctus
428 4191 468 4232 ex
490 4189 529 4232 eo
552 4165 753 4232 eliciendum
776 4165 913 4232 censuit:
937 4161 1107 4230 hominem
1130 4165 1259 4231 homiui
1281 4166 1451 4235 insidiari
1474 4169 1573 4254 nefas
1596 4185 1657 4249 ert,
1680 4171 1706 4238 l.
1726 4171 1759 4239 d.
1772 4177 1822 4265 ff.
1838 4179 1882 4248 de

10 4259 12 4276 “
209 4262 234 4322 ι’.
258 4271 289 4322 er
308 4258 337 4344 j.
360 4253 495 4321 Etenim
519 4255 621 4345 erigit
642 4277 817 4322 commuue
845 4253 929 4320 illud
954 4257 1157 4344 cognationis
1187 4255 1379 4337 vinculum,
1405 4273 1441 4324 ut
1465 4261 1614 4348 quisque
1635 4261 1772 4330 alterius
1793 4289 1881 4334 oom-

212 4345 305 4412 moda
333 4355 534 4434 promoveat,
558 4361 591 4408 et
613 4343 733 4411 damna
756 4356 889 4411 avertat:
913 4343 1065 4448 prohibet
1090 4367 1166 4410 vero
1189 4342 1320 4410 scandes
1343 4348 1378 4411 iu
1404 4349 1598 4414 universum
1626 4372 1760 4437 omnes,
1789 4355 1882 4422 calli·

210 4437 338 4525 dasque
362 4435 632 4512 machinationes,
655 4433 697 4498 ad
719 4432 1048 4501 circumveniendum
1080 4437 1133 4525 jus
1166 4432 1300 4499 alterius
1323 4437 1502 4502 ordinatas.
1533 4437 1603 4502 Hoc
1627 4437 1693 4505 fine
1717 4443 1808 4510 enim
1833 4445 1880 4511 lo·

211 4524 339 4618 quersdi
364 4525 549 4592 facultatem
575 4522 710 4588 indulsit
735 4525 859 4590 homini
883 4547 1032 4589 summus
1055 4544 1163 4590 rerssm
1188 4534 1299 4603 stator,
1318 4536 1355 4589 ut
1370 4525 1451 4592 alter
1474 4524 1610 4592 alterius
1633 4531 1794 4599 auxilium
1811 4557 1878 4602 nou

213 4616 327 4683 saltem
353 4614 547 4702 implorare,
572 4611 628 4678 sed
659 4625 692 4678 et
714 4613 797 4681 alter
820 4614 923 4680 animi
954 4616 1152 4678 seutentiam
1175 4611 1317 4678 fideliter
1349 4616 1476 4768 ropanti
1499 4623 1683 4706 ex‘ponere,
1706 4621 1880 4716 eidemque

210 4709 357 4795 ingenuo
379 4702 517 4768 cottsilio
540 4725 728 4768 succurrere
753 4705 867 4770 valeat.
892 4701 1065 4770 Piaculum
1090 4703 1202 4792 itaque
1224 4703 1363 4769 omnino
1399 4715 1481 4784 oret,
1505 4701 1623 4770 divino
1646 4706 1705 4774 hoc
1722 4707 1879 4780 beneficio

213 4795 363 4884 loquelae
387 4795 420 4855 in
445 4791 602 4857 damnum
627 4791 760 4860 alterius
784 4793 891 4873 abuti,
915 4793 1087 4884 animique
1111 4815 1202 4860 seusa
1227 4789 1456 4859 fraudulenter
1479 4791 1522 4859 ad
1546 4792 1781 4886 decipiendum
1797 4803 1878 4870 alte·

213 4907 288 4950 rum
313 4883 468 4974 prolerre.
495 4881 562 4948 llos
586 4879 717 4972 linguae
740 4881 862 4949 abusus
885 4881 1027 4950 subinde
1052 4883 1179 4948 unt-avit
1201 4905 1228 4948 s.
1253 4883 1384 4972 pagina,
1407 4895 1440 4948 et
1464 4883 1584 4949 damna
1608 4884 1687 4951 iuda
1711 4889 1749 4956 in
1765 4890 1879 4980 publi.

212 4998 288 5038 cum
313 4969 530 5038 redundantia
555 4971 689 5036 abunde
711 4971 1034 5042 demonstravimus
1057 4989 1202 5038 nostrum
1270 4971 1350 5038 riter
1376 4995 1436 5064 pet·
1465 4971 1628 5066 legitimos
1660 4981 1805 5047 tramites
1827 5005 1880 5050 ee·

212 5065 449 5131 lumniantium
474 5060 603 5149 repellit
628 5059 853 5151 iniquitatem,
872 5088 933 5156 pr.
953 5086 1104 5153 prooem.
1121 5065 1202 5130 inst.
1217 4994 1298 5128 <iiim
1323 5083 1390 5127 non
1417 5063 1530 5128 saltem
1555 5063 1725 5132 maledicta
1750 5070 1878 5162 qualia·

213 5175 357 5242 cumque
380 5151 540 5218 actionem
565 5151 763 5242 iujuriarum
786 5153 995 5222 concedendo
1016 5171 1150 5234 coercet,
1176 5151 1230 5218 sed
1254 5169 1299 5233 et,
1322 5151 1348 5216 si
1373 5151 1458 5242 quid
1484 5175 1541 5242 per
1563 5151 1784 5227 clandestinas
1800 5183 1876 5252 sng-

236 5245 377 5312 artiones
401 5240 435 5308 in
460 5237 618 5311 damnum
635 5237 984 5312 alteriuseommisaum
1008 5242 1242 5322 observaverit,
1267 5255 1416 5332 prompta
1441 5243 1536 5310 laesis
1558 5265 1624 5310 uon
1648 5244 1810 5340 denegare
1826 5273 1876 5317 so·

213 5267 260 5406 iet
284 5330 443 5402 remedia.
467 5327 557 5402 Cum
580 5351 659 5398 vero
681 5329 718 5396 in
743 5333 842 5402 variis
863 5332 1030 5425 capitibus
1053 5332 1136 5420 juris
1161 5331 1261 5398 nostri
1287 5332 1504 5486 sogpestionis
1535 5330 1656 5400 vitium
1679 5358 1699 5400 o
1725 5340 1801 5430 poni
1826 5363 1878 5406 ω.

214 5424 291 5503 leat,
316 5443 381 5488 uon
406 5420 559 5490 inutilem
584 5443 637 5486 me
660 5441 887 5514 suscepturum
912 5445 1043 5512 operam
1066 5421 1193 5502 censui,
1217 5423 1256 5502 si,
1281 5445 1340 5512 qus
1391 5421 1474 5512 juris
1497 5422 1534 5487 in
1565 5422 1667 5512 ejusm
1714 5429 1725 5493 i
1747 5429 1879 5497 mribus

215 5515 271 5594 sit,
293 5511 491 5604 colligerent,
515 5525 548 5575 et
570 5509 704 5599 publico
726 5509 892 5582 conflictui
915 5533 1121 5602 exponerem.
1150 5507 1327 5602 Postquam
1351 5514 1442 5578 euim
1471 5511 1646 5580 exantlatis
1668 5517 1877 5586 examinibus

214 5627 257 5672 cx
282 5604 433 5670 unanimi
455 5621 613 5669 mensensu
634 5599 828 5672 celebratius.
853 5602 963 5673 facult.
987 5601 1083 5692 jurid.
1109 5601 1145 5667 ia
1170 5600 1290 5668 illustri
1315 5601 1373 5669 hac
1397 5600 1557 5674 Visdrina
1581 5603 1787 5698 inauguralis
1811 5608 1877 5677 dis·
