4390 6198
317 241 322 250 '
358 233 433 306 'ms
912 251 1101 310 ntsruran
1121 257 1204 314 xvu.
1223 257 1338 312 ctrnr
1357 261 1417 318 vu.
1475 263 1481 310 z
1618 231 1619 236 ‘
1898 257 1953 314 ret

325 347 450 418 quidem,
470 345 515 404 red
533 343 659 410 obscure,
678 341 759 400 dubis
776 353 802 400 et
820 348 979 418 pacantur
996 350 1024 402 d.
1033 350 1053 404 l.
1065 352 1110 403 11.
1124 357 1145 413 t.
1167 365 1168 368 ’
1195 361 1247 404 taur
1267 355 1414 425 acceperit,
1435 371 1483 424 pso
1499 353 1608 408 scritate
1626 353 1755 418 bibetur,
1768 348 1884 424 ΗΜ.
1896 354 1929 406 de
1939 363 2004 408 steti

327 433 352 486 ’1.
364 433 433 498 bier.
443 454 470 504 p.
482 434 509 486 l.
522 435 602 489 decis.
614 431 657 484 l'l.
677 450 704 486 n.
716 433 741 484 li.
753 442 778 487 et
798 431 845 485 dn.
863 433 958 504 Carpe.
975 453 1002 501 p.
1022 437 1048 488 1.
1061 445 1147 487 const.
1193 438 1297 491 linurin.
1309 449 1336 492 et
1348 440 1365 492 l.
1379 439 1441 490 20¹1.
1444 435 1484 507 ff
1496 439 1531 490 de
1540 437 1656 510 'repient
1674 449 1703 490 ct
1719 438 1751 489 sd
1772 437 1912 490 minimum
1933 445 2005 510 pinet

326 518 370 570 10.
383 517 437 588 defi
450 522 474 572 1.
488 537 517 574 tt·
532 520 556 571 1.
568 527 594 570 ct
611 536 682 588 sepp-
702 518 742 570 sel
761 516 876 586 denique
890 519 992 589 quando
1011 530 1073 572 note
1090 537 1145 572 rern
1193 533 1324 591 sumptam
1344 521 1419 575 babet
1438 523 1593 590 nequitatem
1613 522 1639 574 b.
1658 520 1704 574 do·
1723 519 1825 574 Beuum
1843 520 1882 574 ed
1897 521 1917 572 l.
1935 516 2007 588 mff.

323 602 475 674 expeditum
497 604 554 656 sine
571 600 668 670 judicis
686 602 795 655 licentis
813 601 927 667 recedit,
941 603 994 656 rid.
1007 602 1146 657 Schrader.
1195 605 1228 658 de
1239 608 1346 675 pi'gnnr.
1358 626 1385 659 n.
1399 608 1423 660 ³.
1436 604 1523 676 infin.
1982 641 1987 652 -

328 684 388 739 ini.
403 682 1065 758 llic.dejnd.n.d.llosbscb.inpincerni.30.
1080 688 1145 740 n.8.
1229 699 1250 754 ς.
1274 693 1330 746 XV·
1350 691 1382 746 Et
1403 692 1467 746 liaeo
1493 701 1571 755 sunt,
1589 707 1653 761 quse
1680 689 1713 743 ile
1738 691 1795 760 jure
1819 689 1937 760 putativo
1956 703 1990 742 uo

325 771 417 826 Umm.
430 771 470 827 nd
479 786 598 842 process.
610 769 678 839 disp·
691 771 717 822 0.
731 771 770 823 tlt·
781 773 808 822 1.
820 789 848 824 n.
859 769 883 822 2.
899 772 924 824 3.
936 781 962 824 et
976 771 1000 823 l.
1014 772 1068 824 Du.
1081 769 1143 824 Ber·
1193 787 1293 831 tautum
1312 776 1403 830 stricte
1420 777 1459 829 sic
1477 777 1567 837 dieto,
1583 775 1630 827 sed
1649 759 1677 828 el
1696 785 1866 844 proesurnpto
1880 767 2010 824 disserere

328 855 980 925 litbp·1·0⁰tt01·17·tt·¹·⁶l⁸rw·rlwilre·
998 853 1079 925 isstltl·
1100 854 1146 903 Μ·
1193 861 1319 930 temporis
1344 861 1476 913 concessit
1492 860 1629 927 cognatis,
1655 875 1705 928 qur
1730 866 1815 911 certas
1836 855 1962 928 quasdam
1982 869 2011 908 se

327 950 398 1008 gent.
411 938 449 992 nd
459 947 477 990 t.
478 935 520 1006 ff.
533 939 560 991 si
569 936 629 1009 quis
636 937 682 1006 ine
695 937 747 991 dic.
759 957 816 992 nou
827 938 944 1004 obtemp.
956 939 993 990 tls.
1009 941 1051 990 tt.
1064 947 1091 990 et
1101 936 1145 988 ¹2
1195 942 1285 996 tuate·
1296 943 1331 996 ob
1347 959 1439 996 causas
1458 952 1563 1012 praeter
1576 941 1731 1012 opinionem
1744 941 1864 994 esctun
1876 939 1951 1004 utilis
1963 938 2010 989 hn-

326 1020 396 1074 mf·
415 1019 977 1092 lelllfttpmcr88·p·1·⁶⁰p·³2·¹t·³·
1192 1031 1236 1097 jus
1253 1038 1330 1096 etque
1348 1027 1459 1080 diffusae
1485 1027 1611 1082 natutae
1630 1027 1749 1095 pelosum
1774 1025 1919 1095 diplomate
1935 1020 2010 1093 quusi

366 1107 390 1174 §-
414 1105 485 1162 ΚΝ·
513 1105 709 1174 Praesumptam
734 1104 924 1157 ⁶⁰¹¹¹¹⁸¹⁰⁴⁰ltt¹¹¹
951 1103 1041 1156 ‘lituu'
1060 1101 1146 1166 illm,
1193 1113 1304 1184 publico
1323 1113 1561 1182 snpernnrignreet
1582 1110 1866 1182 perfunctoriemltam
1881 1107 2015 1172 delineare

327 1187 431 1256 quaudo
451 1188 484 1242 de
500 1189 638 1242 citationis
656 1188 837 1241 insinuatione
856 1187 973 1240 noudum
992 1188 1070 1256 plene
1086 1203 1146 1238 con·
1194 1193 1352 1260 efflagitasti
1371 1197 1520 1248 ammian,
1540 1194 1640 1264 Quodsi
1667 1209 1699 1246 21
1722 1209 1778 1246 m·
1803 1193 1891 1263 itaqua
1907 1203 1932 1244 er
1951 1199 2012 1242 soto
2064 1183 2067 1190 '

328 1285 394 1341 stat,
408 1287 436 1328 et
454 1276 495 1329 sio
513 1275 610 1328 citatus
626 1275 726 1344 absque
741 1273 802 1328 dolo
819 1285 845 1328 et
858 1275 958 1327 malitis
970 1283 1145 1337 emonet,re·
1195 1277 1328 1330 eleborata
1345 1281 1435 1330 omnis
1460 1295 1511 1330 non
1531 1279 1607 1339 nint,
1628 1277 1754 1339 termini,
1776 1277 1815 1329 oti
1840 1275 1910 1336 ttxt.
1931 1273 2014 1328 nimis

327 1360 446 1430 quiritur
469 1372 572 1423 tamon,
599 1369 627 1412 ut
652 1369 787 1412 scmsetur
811 1359 990 1422 contumacis,
1015 1359 1080 1410 dces
1105 1357 1149 1412 die
1195 1361 1300 1425 srigusti
1319 1374 1473 1414 excusatum
1489 1377 1532 1415 me
1549 1359 1695 1432 proestabit
1712 1361 1911 1430 receptiogqus
1930 1355 2015 1412 iretur

331 1441 760 1513 Ungebcnnms-Besclrnldignnp
781 1441 952 1511 eingeirnelit
976 1447 1072 1496 werde.
1094 1440 1148 1493 rid.
1195 1444 1324 1513 proposit·
1343 1443 1468 1497 bsctcnus
1484 1444 1548 1497 boni
1566 1445 1746 1498 onnnnlturnm
1763 1444 1905 1496 cendictum
1922 1453 1948 1495 ct
1968 1443 2009 1496 bo

329 1525 838 1598 cadmprncjndaaaon.eiecerat.
858 1526 898 1578 tit.
919 1526 962 1578 10.
980 1532 1002 1588 ς.
1021 1523 1058 1576 ius
1073 1524 1148 1576 ratt.
1198 1529 1318 1579 uetulum
1338 1529 1482 1593 lectorem,
1502 1529 1583 1597 inque
1605 1529 1735 1598 optimam
1760 1538 1861 1597 partem
1882 1526 2014 1596 interpre-

326 1613 389 1682 quis
417 1610 573 1680 regulariter
599 1625 677 1661 nemo
704 1627 754 1679 pro
777 1622 930 1663 contumace
948 1609 1074 1672 babetur,
1094 1609 1148 1658 nisi
1199 1620 1313 1664 istorum
1332 1609 1406 1675 lure,
1425 1621 1450 1664 et
1469 1607 1575 1663 conlido
1592 1621 1619 1664 et
1636 1612 1718 1664 etism
1742 1620 1820 1678 supro
1836 1609 1918 1662 etism
1938 1625 2015 1678 rogo.

325 1697 383 1761 elus
400 1693 562 1746 contumacis
585 1702 737 1755 sccrrsetur,
748 1709 778 1744 nc
790 1691 902 1761 desuper
920 1690 1049 1744 sententis
1067 1690 1146 1742 inter·
1198 1694 1221 1744 si
1242 1697 1401 1762 praeprimis
1420 1694 1605 1748 imbecillitate
1623 1695 1723 1766 lapsum
1744 1693 1878 1746 bominem
1896 1708 1970 1763 esse,
1988 1701 2015 1746 et

319 1769 451 1832 'montom
470 1773 578 1828 teratur.
596 1773 615 1824 l.
630 1774 721 1844 ⁶⁸·ff·
741 1773 866 1843 deiurio.
879 1774 897 1826 l·
912 1775 956 1826 ¹³·
975 1779 1000 1834 i·
1018 1775 1041 1825 t.
1054 1790 1077 1823 c.
1089 1771 1149 1824 eod.
1198 1775 1307 1828 bunnam
1328 1797 1341 1830 s
1361 1785 1404 1830 nio
1423 1777 1493 1830 nihil
1510 1778 1626 1832 cliennns
1652 1776 1767 1848 pntsbit.
1785 1777 1861 1846 Quod
1881 1771 2013 1846 reliquunt

323 1855 1077 1932 commutemur·quomodatananatjndemqma
1095 1871 1149 1906 unu
1199 1873 1238 1912 est
1260 1861 1314 1912 ileo
1332 1861 1483 1914 auxiliatori
1509 1864 1542 1914 sit
1561 1863 1609 1913 soli
1635 1863 1720 1926 pluris
1743 1858 1922 1924 immortulis,
1941 1861 2016 1924 cuius

325 1945 403 2000 debet
414 1941 552 1998 manifesta
565 1943 683 1996 laborare
692 1944 827 2005 nullitate,
835 1943 900 1996 alias
908 1945 980 1996 nullo
987 1941 1079 2012 pruriet
1088 1939 1150 1994 effe·
1198 1959 1258 1996 enm
1277 1945 1404 2015 auspiciis
1419 1945 1570 2018 ¹discursum
1587 1961 1696 2001 exorans
1708 1946 1778 2012 dm,
1792 1944 1820 1998 in
1834 1944 1943 1998 nomint
1953 1961 2017 2015 qino·

324 2019 380 2096 ctu,
392 2045 477 2099 usqne
489 2045 603 2097 nnqusrn
621 2029 649 2081 in
664 2045 719 2080 rens
735 2029 875 2095 judicatam
890 2025 1106 2093 insalutatus
1118 2024 1152 2079 de
1180 2093 1181 2096 Ἴ
1199 2043 1250 2098 quc
1266 2028 1323 2095 ejus
1342 2027 1432 2084 eidem
1450 2029 1503 2099 jem
1523 2021 1632 2100 impono

324 2123 442 2182 sentent.
454 2130 491 2167 σε
504 2111 634 2167 brevient.
648 2108 783 2165 metronii.
795 2109 924 2164 clement.
943 2114 971 2164 8.
983 2118 1005 2174 ς.
1020 2109 1107 2181 igitar
1120 2109 1153 2162 de

326 2207 439 2254 uniant.
452 2198 532 2249 Vaut.
545 2194 579 2248 de
596 2195 690 2248 nollit.
702 2193 803 2266 quand·
815 2205 841 2248 er
855 2197 918 2248 atae.
937 2196 1012 2266 priori
1030 2207 1108 2265 temp.
1124 2211 1152 2246 n.

329 2282 355 2336 Ι.
367 2291 396 2334 st
413 2279 483 2334 iles.
496 2295 523 2346 p·
537 2278 563 2330 0.
577 2275 666 2332 decie-
678 2277 739 2332 itt.
752 2295 779 2330 n.
793 2277 818 2332 li.
833 2278 856 2330 si
875 2289 961 2332 sutem
981 2293 1037 2332 rem
1054 2275 1152 2346 judico·
1511 2276 1533 2331 l?
1552 2278 1564 2331 l
1582 2275 1607 2332 li
1625 2276 1647 2330 li
1664 2272 1712 2330 tt!

709 2563 711 2570 Α
768 2463 1100 2540 nrsrnrnrtu
1127 2460 1336 2540 unctum
1361 2463 1584 2540 ocrnvn

266 2609 268 2618 ’
371 2665 375 2672 ·
485 2659 1873 2808 uueuunnuuuuntnuunuu,

952 2913 982 2956 n.
1002 2915 1046 2959 rr.
1063 2917 1160 2972 tunsi,
1176 2915 1259 2961 inno
1275 2915 1404 2960 sncxcr.

1068 3090 1122 3132 110
1146 3093 1297 3134 ntorum

597 3233 788 3305 Ecctttu
811 3233 989 3310 tJLtttCtt
1014 3237 1078 3306 DE
1103 3238 1273 3326 Dsswtz,
1299 3241 1453 3334 EQUES
1470 3237 1765 3311 rottsstttttttn

915 3510 1455 3573 NJ...-

984 3731 1370 3804 INGRESSUS.

342 3895 563 4038 Principum
594 3943 674 4012 lacta
699 3940 903 4032 privatorum
927 3961 1086 4007 censurae
1118 3940 1297 4030 subjicere,
1323 3938 1459 4032 indigna
1492 3939 1580 4007 bono
1609 3938 1683 4008 cire
1713 3951 1849 4008 rescat.
1883 3937 2021 4004 Etenim

343 4042 401 4108 illo
424 4032 765 4128 lastigioprincipem
790 4031 931 4096 locatum
958 4030 1065 4097 voluit
1085 4054 1235 4096 summus
1259 4054 1369 4096 rerum
1393 4028 1535 4110 arbiter,
1551 4053 1620 4120 quo
1636 4030 1806 4098 neminem
1832 4031 1892 4095 nisi
1912 4027 2022 4096 Deum

340 4144 492 4224 agnoscat
515 4125 734 4214 superiorem,
759 4138 791 4186 ct
816 4121 915 4212 hujus
937 4120 1037 4187 solius
1063 4119 1184 4210 judicio
1208 4119 1249 4184 ad
1283 4121 1426 4186 rationes
1454 4143 1489 4187 sc
1516 4119 1712 4188 obstrictum
1740 4119 1940 4210 profiteatur.
1965 4117 2024 4186 Ci-

341 4221 439 4288 sibus
461 4217 534 4284 eliis
559 4237 624 4279 non
650 4213 713 4278 nisi
736 4211 890 4300 obsequii
915 4209 1024 4276 relicta
1051 4229 1100 4276 est
1123 4211 1247 4300 gloria,
1264 4235 1351 4302 quae
1375 4233 1506 4275 omnem
1531 4211 1717 4277 arbitrandi
1741 4209 1784 4276 de
1807 4210 1900 4276 lectis
1926 4210 2020 4298 prin·

339 4315 456 4400 cipum
480 4320 626 4374 removet
650 4315 857 4392 potestatem:
881 4321 983 4392 quam
1007 4300 1051 4366 ob
1073 4324 1203 4366 causam
1234 4300 1442 4391 saerilegium
1468 4303 1541 4390 jure
1573 4319 1682 4366 nostro
1704 4315 1877 4378 censetur,
1901 4295 1942 4364 de
1966 4297 2026 4364 itto

341 4401 455 4470 saltem
479 4393 764 4482 dubitare,quem
790 4393 941 4482 princeps
967 4413 1024 4480 pro
1048 4391 1167 4457 idoneo
1190 4391 1378 4456 declararit.
1395 4390 1550 4455 Attamen
1576 4415 1653 4457 curn
1673 4391 1749 4458 boni
1770 4391 1938 4482 principes
1956 4409 2022 4453 non

342 4491 522 4580 iudignum
548 4485 715 4570 majestate
739 4505 798 4547 sua
822 4499 992 4560 censeant,
1017 4480 1147 4570 legibus
1169 4480 1365 4546 submittere
1397 4480 1643 4570 principatum,
1670 4503 1733 4546 non
1767 4480 1902 4571 penitus
1924 4501 2024 4545 omne

343 4579 504 4674 judicium
529 4573 710 4640 humanum
734 4571 899 4638 declinare
922 4571 1045 4654 solent,
1069 4570 1163 4637 facile
1187 4571 1297 4674 gnari,
1321 4569 1409 4658 quod
1434 4571 1521 4635 cives
1551 4596 1625 4638 suus
1649 4588 1733 4636 recte
1758 4571 1861 4637 lacere
1887 4569 1949 4659 ipsi
1975 4568 2023 4635 la·

342 4669 461 4741 eiettdo
483 4665 635 4744 doceant,
651 4675 683 4726 ct
706 4685 783 4729 cum
806 4664 873 4726 siut
895 4663 1036 4752 imperio
1062 4662 1321 4736 mammetem
1350 4660 1380 4724 lo
1406 4663 1543 4747 maiores
1566 4687 1633 4728 esse
1657 4661 1812 4727 debcant.
1838 4659 1913 4726 Vita
1932 4659 2023 4723 etaim

343 4756 507 4852 principis
529 4775 686 4858 cynosura
712 4763 760 4818 est
784 4749 926 4818 subditis
951 4751 1127 4843 perpetua,
1144 4749 1186 4815 ud
1211 4751 1293 4816 barte
1315 4684 1513 4838 dirigimur,
1528 4753 1566 4817 ad
1593 4753 1677 4818 lione
1700 4751 1939 4817 convertimur:
1965 4772 2025 4815 nce

344 4869 411 4918 tam
436 4850 577 4936 imperto
602 4841 696 4908 bonis
719 4843 852 4908 civibus
874 4865 954 4934 opus
978 4855 1045 4922 est,
1069 4865 1171 4933 quom
1195 4840 1357 4932 exemplo.
1382 4837 1470 4908 Cum
1497 4839 1608 4932 itaque
1633 4843 1702 4932 ipse
1725 4841 1894 4933 quondam
1920 4838 2026 4928 impe·

344 4953 433 5009 rator
459 4930 644 5004 Alexander
666 4931 693 5000 l.
728 4931 761 4999 3.
785 4957 817 4998 c.
840 4931 882 4999 cle
905 4947 1039 5001 testem.
1065 4931 1151 4998 nibil
1175 4943 1241 4994 tam
1268 4931 1439 5022 proprium
1465 4933 1596 5022 imperii
1620 4955 1688 4998 esse
1711 4932 1896 5014 censuerit,
1920 4953 2023 5019 quarn

345 5031 383 5098 ll.
407 5027 603 5098 submittere
629 5023 876 5114 principatum,
900 5047 967 5112 quo
990 5046 1028 5090 eo
1053 5022 1182 5088 lucilius
1203 5021 1267 5088 sub
1290 5021 1450 5112 obsequio
1473 5027 1724 5090 continerentur
1746 5021 1855 5101 circs,
1880 5019 1905 5086 si
1931 5021 2025 5110 prin-

346 5122 454 5211 cipem
479 5117 591 5206 legum
615 5113 845 5180 observantem
868 5111 1187 5200 animadverterent,
1208 5134 1273 5178 unu
1298 5135 1392 5203 aegre
1417 5112 1523 5179 serent
1547 5113 1807 5203 imperantes,si
1832 5109 1913 5180 iacta
1938 5112 2026 5200 ipso-

346 5233 423 5279 rum
445 5203 646 5297 quandoque
669 5201 712 5268 ad
739 5201 776 5269 ll.
806 5226 1000 5296 cynosuram
1034 5199 1177 5268 modeste
1206 5217 1412 5270 revocentur.
1444 5201 1555 5296 Auget
1585 5205 1674 5271 enim
1707 5201 1783 5280 boc,
1808 5222 1874 5268 uon
1901 5199 2027 5269 minuit

347 5297 535 5394 principum
567 5293 801 5376 eminentiam,
825 5294 853 5359 ai
876 5293 919 5362 de
951 5293 1082 5359 illorum
1114 5291 1208 5360 lactis
1240 5293 1284 5357 ita
1308 5292 1507 5380 sentiamus,
1531 5295 1580 5361 uti
1612 5291 1836 5386 quidemipsi
1861 5289 1943 5358 laete
1967 5313 2025 5359 sun

349 5386 494 5478 intelligi
517 5382 683 5474 cupiunt3
706 5397 875 5473 quatenus
900 5381 1051 5452 ridettaet
1074 5381 1126 5458 rel
1149 5379 1458 5448 fundamentalibus
1481 5383 1563 5476 reip.
1588 5383 1621 5452 ll.
1645 5384 1871 5461 conveniunt,
1898 5381 1950 5448 rel
1975 5405 2027 5449 sa·

347 5478 430 5549 lutis
454 5474 606 5566 publicae
629 5473 872 5544 incrementum
897 5471 1095 5563 respiciunt,
1118 5473 1248 5563 quippe
1272 5474 1374 5561 majus
1397 5471 1505 5539 adbuc
1529 5476 1670 5568 imperio
1692 5484 1757 5554 esi,
1775 5471 1973 5540 submittere
1988 5470 2024 5538 ll.

348 5567 575 5664 principatum
599 5563 622 5628 l.
646 5561 678 5650 4
701 5585 733 5628 c.
758 5563 802 5628 dc
824 5563 862 5630 ll.
885 5561 961 5651 Quo
984 5563 1170 5651 supposito,
1194 5562 1318 5626 dubius
1342 5565 1481 5627 omnino
1510 5591 1600 5648 sum,
1624 5585 1665 5630 en
1698 5564 1818 5631 rationi
1849 5564 1927 5632 setis
1948 5587 2027 5633 con·

351 5655 733 5762 ‘contemptissimum
759 5657 845 5722 intes
872 5654 954 5745 juris
984 5655 1176 5744 iuterprmcs
1207 5654 1348 5719 asininas
1380 5651 1462 5720 lacte
1495 5655 1655 5749 principis
1683 5654 1828 5748 reputari
1860 5677 1920 5748 pro
1951 5683 2027 5728 casn
