4400 6218
689 407 1248 489 ntsrornrto
1304 411 1654 510 nutura

416 593 1925 764 ffiddffiffiddssddffildddfflsss

959 831 1047 874 rao
1100 822 1373 877 tressera

783 1002 823 1046 dl>
846 1005 924 1048 ml
947 1000 1009 1050 ttx.
1035 1005 1195 1052 tto'rmtt.
1220 1005 1304 1051 diluo
1328 1006 1550 1052 munuli·

523 1170 759 1246 ANTONIUS
783 1175 1011 1248 wttltttntt
1035 1175 1368 1248 scnowtuTUS.
1392 1173 1669 1246 Putoosortt.
1693 1177 1807 1250 MAG.

880 1443 1440 1492 ψ

1021 1672 1049 1739 l.
1072 1671 1113 1739 li.
1139 1671 1172 1739 S.
1197 1671 1234 1740 S.
1259 1673 1302 1741 Τ.

873 1852 1394 2004 ¹eruantur.

322 2033 432 2166 Inter
455 2097 543 2167 saria
560 2115 592 2166 et
609 2117 785 2190 nunqusm
800 2099 877 2168 satis
894 2097 1109 2192 praedicanda
1131 2097 1229 2178 dona,
1247 2097 1374 2190 quibus
1390 2097 1632 2189 sapientissimo
1646 2099 1749 2195 hujus
1766 2103 1914 2170 universi
1938 2127 2017 2172 enn-

320 2184 423 2257 ditari
453 2190 622 2258 commoda
654 2193 841 2258 mortalium
860 2209 1050 2282 promovere
1067 2189 1204 2282 placuit,
1220 2190 1357 2254 caeteris
1373 2188 1514 2294 palmam
1533 2191 1718 2282 praeripere
1751 2193 1908 2259 ridentur
1930 2197 2016 2262 ratio

327 2291 361 2340 et
381 2279 504 2357 oratio,
520 2281 648 2372 quibus
678 2283 820 2350 masinae
843 2278 993 2348 homines
1007 2277 1050 2346 ab
1071 2280 1229 2346 omnibus
1243 2277 1316 2344 aliis
1331 2281 1559 2347 estimantibus
1573 2279 1826 2350 discernuntur.
1859 2281 1903 2350 Et
1934 2287 2017 2376 qui-

318 2363 394 2436 tletn
430 2369 486 2438 illa
523 2395 593 2440 rem
617 2372 653 2438 itt
686 2384 801 2440 natura
831 2395 888 2438 sua
919 2373 1111 2464 cognoscit3
1150 2369 1228 2436 hoec
1258 2369 1386 2458 sogtrita
1411 2371 1505 2436 elteri
1537 2373 1782 2454 communicat,
1821 2385 1856 2438 et
1895 2371 2012 2440 dieen-

320 2465 391 2548 do,
415 2461 649 2554 disseptando,
673 2459 852 2554 judicando
875 2461 1028 2528 honrines
1051 2463 1138 2528 inter
1169 2481 1203 2524 se
1230 2459 1403 2526 conciliat.
1435 2458 1522 2527 Cum
1546 2463 1635 2526 enim
1657 2462 1807 2538 homines
1838 2461 2013 2531 hominum

322 2579 417 2624 eausa
434 2555 502 2622 sint
517 2551 677 2644 generati,
702 2568 739 2618 ut
761 2551 824 2642 ipsi
842 2552 931 2619 inter
946 2577 980 2618 se
996 2551 1052 2616 alii
1069 2551 1144 2618 aliis
1160 2547 1312 2638 prodesse
1328 2550 1465 2638 possint,
1494 2554 1571 2618 satis
1585 2574 1719 2642 quoque
1735 2575 1927 2642 persuasum
1942 2575 2015 2618 esse

320 2646 447 2725 «lebet,
472 2661 540 2710 non
564 2640 630 2707 alio
645 2641 709 2706 fine
724 2664 908 2708 sermonem
934 2641 1032 2708 nobis
1048 2640 1222 2707 indulsisse
1246 2650 1411 2723 naturam,
1442 2665 1544 2732 quam
1569 2655 1606 2708 ut
1631 2659 1737 2708 nostra
1763 2643 1904 2708 invicem
1921 2665 2013 2710 oom-

322 2736 533 2805 munioatnus
556 2728 732 2811 desideria,
751 2751 852 2820 atque
869 2733 911 2797 ita
928 2755 1118 2799 communes
1142 2745 1176 2796 et
1197 2728 1331 2796 sociales
1346 2731 1557 2820 expediamus
1578 2730 1748 2798 utilitates.
1773 2731 1818 2797 Aa
1841 2753 1917 2798 aero
1961 2755 2016 2798 ra-

322 2825 465 2893 rissimis
488 2821 597 2889 adhue
612 2833 843 2910 premerentur
865 2820 1117 2890 difficultatibus
1141 2819 1308 2887 societates
1331 2819 1494 2886 humanae
1518 2823 1641 2913 absque
1658 2821 1802 2912 imagine
1817 2755 2018 2913 etsymiolo

322 2914 503 2993 sermonis,
534 2910 722 3000 seriptura3
746 2935 857 3002 usque
880 2913 1173 2980 enimassentibus
1205 2925 1347 2976 arentem
1366 2925 1508 2977 nostram
1532 2912 1740 2978 commodes
1786 2910 1873 2993 rire,
1903 2935 1924 2977 n
1972 2935 2019 2978 oe

384 3002 506 3072 toritati
524 2999 726 3068 voluntatem
745 3000 938 3090 relinquere
954 3001 1160 3080 valeremus,
1176 3023 1255 3065 eum
1289 3001 1443 3065 memoria
1475 2999 1619 3067 hominis
1644 3001 1686 3066 sit
1715 3001 1745 3067 la
1773 3000 1826 3064 ilis
1848 3013 1881 3066 et
1905 2935 1968 3068 tali

362 3095 518 3164 iterarum
545 3109 700 3182 reroope
723 3089 763 3157 ad
796 3089 949 3159 absentes
973 3108 1144 3182 tamquam
1161 3088 1201 3157 ad
1220 3103 1403 3179 praesentes
1418 3090 1605 3181 loquimur,
1629 3101 1662 3155 et
1693 3111 1758 3157 non
1790 3091 1864 3156 sine
1891 3094 2015 3182 jucun-

325 3187 430 3250 ditate
460 3178 659 3250 desidorium
689 3181 855 3248 absentiae
872 3181 1023 3248 lectionis
1054 3180 1169 3246 solatio
1185 3179 1354 3245 levamus.
1382 3179 1454 3247 Non
1478 3179 1604 3263 diram,
1623 3176 1787 3272 quomodo
1803 3181 1890 3247 iuter
1915 3180 2016 3273 longo

326 3274 456 3342 dissitas
485 3293 580 3368 saepe
596 3271 747 3364 regiones
761 3281 795 3336 et
812 3274 995 3358 provincias
1011 3291 1071 3360 per
1086 3269 1198 3335 literas
1212 3266 1341 3334 loedere
1359 3270 1560 3352 mandantur,
1583 3267 1775 3338 commercia
1802 3270 2016 3353 istitusntur,

329 3377 362 3429 et
378 3363 424 3430 sie
440 3375 555 3430 mutua
571 3360 737 3426 eommoda
756 3377 1021 3449 promoreantur.
1037 3358 1178 3438 Omitto,
1195 3369 1241 3422 tot
1258 3359 1420 3447 majorum
1442 3360 1605 3452 exempla,
1629 3374 1677 3427 tot
1692 3358 1890 3450 prudentum
1908 3361 2016 3427 medi·

326 3455 477 3532 sationes,
495 3465 541 3516 tot
557 3450 637 3516 lacta
655 3451 794 3516 lterouut
809 3451 935 3542 absque
951 3451 1122 3517 literarum
1140 3470 1203 3514 usu
1221 3467 1393 3538 nunquam
1411 3449 1451 3516 ad
1469 3473 1527 3518 nos
1550 3451 1619 3518 l'ore
1635 3451 1831 3529 transmissa,
1846 3449 1902 3515 sed
1926 3455 2012 3540 jam·

328 3541 458 3608 dudum
470 3537 681 3608 oblivionum
698 3541 844 3608 tenebris
861 3539 1020 3609 involuta.
1039 3536 1128 3604 illud
1143 3539 1255 3604 saltem
1271 3537 1514 3608 observandum
1531 3565 1598 3610 esse
1619 3539 1723 3617 duco,
1752 3537 1843 3630 quod
1869 3553 2014 3606 meulent

326 3645 472 3699 nostram
504 3628 594 3698 nulla
619 3643 655 3696 re
669 3628 801 3708 elarius,
826 3647 890 3698 tam
909 3633 997 3697 inter
1013 3627 1125 3713 viros,
1145 3651 1248 3720 quarn
1275 3627 1310 3691 in
1335 3630 1464 3696 ultimis
1488 3631 1716 3698 voluntatibus
1730 3651 1893 3718 exponere
1907 3654 2013 3720 quea·

327 3745 420 3802 mus,
444 3743 544 3813 quam
563 3741 621 3810 per
640 3719 859 3810 scripturam.
882 3719 977 3788 Sient
992 3729 1105 3787 autem
1120 3719 1215 3785 rerba
1233 3727 1311 3784 sunt
1327 3721 1446 3786 nuntia
1462 3719 1583 3800 cordis,
1598 3733 1631 3786 et
1648 3719 1825 3785 voluntatis
1850 3720 2015 3811 interpres

326 3815 448 3900 oratio,
479 3812 524 3878 ita
541 3833 584 3876 ex
605 3807 724 3876 ordiue
746 3812 920 3878 verborum
937 3829 970 3878 et
985 3809 1166 3901 scripturae
1188 3807 1296 3899 eolligi
1324 3829 1467 3878 mentem
1497 3824 1531 3876 et
1560 3811 1779 3876 intentionem
1802 3807 2012 3898 disponentis

326 3924 394 3970 noa
424 3901 540 3970 sinuat
564 3922 623 3965 nos
644 3893 802 3966 dubitare
827 3899 911 3968 sarii
939 3924 1034 3968 casus
1065 3900 1198 3992 legum,
1229 3897 1311 3990 juris
1340 3901 1567 3968 consultorum
1589 3898 1751 3988 responsis
1780 3899 2009 3968 eorroborati.

327 3989 442 4082 Quare
465 3989 553 4059 haud
570 3989 629 4057 abs
652 4012 688 4056 re
719 3985 789 4056 sore
813 3987 978 4058 oredimus
991 4041 1002 4072 ,
1025 3987 1052 4054 si
1083 3991 1298 4079 inpmesenti
1314 3989 1542 4058 dissertatione
1571 3989 1709 4058 solemni
1739 3987 1839 4078 paulo
1855 3987 2014 4078 pluribus

332 4081 558 4166 ostendamus,
577 4079 715 4170 qualem
737 4101 834 4146 usum
859 4091 892 4146 et
916 4079 1068 4148 effessum
1091 4089 1157 4144 tem
1184 4079 1217 4142 in
1242 4083 1314 4172 jure
1335 4079 1423 4148 sivili
1436 4128 1446 4161 ,
1471 4101 1570 4170 quam
1622 4078 1732 4144 ublioo
1753 4079 1909 4144 sortiatur
1931 4082 2013 4148 ordo
2083 4145 2088 4162 ,

328 4172 535 4264 scripturae.
568 4167 852 4261 Quandoquidem
878 4191 956 4237 sero
972 4171 1005 4236 in
1024 4169 1161 4234 nomine
1186 4167 1322 4236 Domini
1341 4171 1440 4238 nostri
1456 4168 1539 4236 Jests
1561 4103 1687 4238 Cirtsti
1711 4168 1752 4232 ad
1774 4169 1886 4234 emnia
1902 4173 2013 4237 eonsi-

328 4262 370 4328 lia
388 4283 568 4352 omnesque
583 4278 674 4327 aetus
688 4281 817 4362 semper
833 4258 1131 4350 progrediendunss
1156 4258 1199 4322 its
1217 4258 1428 4350 imploramus
1445 4259 1556 4326 Deum
1571 4277 1595 4326 s.
1610 4281 1641 4325 o.
1659 4282 1704 4324 tn.
1721 4257 1781 4348 qui
1797 4260 1905 4325 omnia
1922 4261 2013 4325 ordi·

327 4376 371 4419 ne
388 4366 421 4417 et
433 4349 589 4418 decenter
604 4348 674 4417 lieri
690 4358 800 4438 eupit,
825 4365 863 4413 ut
886 4369 982 4440 porro
999 4348 1117 4414 nostris
1133 4369 1321 4418 succurrere
1336 4349 1524 4432 conatibus,
1549 4371 1674 4439 nosque
1698 4347 1786 4438 regis
1812 4347 1863 4413 sia
1888 4347 2011 4415 ducere

328 4442 423 4530 velit,
438 4463 507 4536 quo
522 4439 639 4509 divino
654 4435 781 4506 suflulti
799 4439 921 4506 auxilio
939 4437 1137 4530 propositam
1155 4441 1251 4507 nobis
1266 4457 1385 4506 meum
1403 4439 1602 4530 attingamus
1624 4435 1834 4505 felicissime.

1009 4609 1256 4680 CAPUT
1302 4594 1398 4680 l.'

856 4779 914 4846 De
937 4779 1059 4849 ordine
1081 4787 1274 4877 sera'ptttroe
1295 4785 1333 4846 ιἰι
1355 4804 1477 4872 genere

564 4951 586 5004 S
606 4954 634 5009 U
649 4947 684 5005 1
696 4951 733 5006 1!
748 4953 777 5005 A
794 4954 820 5007 R
839 4955 857 5008 1
874 4955 903 5008 A
1194 4953 1258 5008 Non
1276 4952 1371 5007 omnio
1390 4951 1432 5005 tta
1447 4955 1584 5026 proponi,
1607 4970 1677 5022 quse
1690 4938 1760 5007 ittss
1778 4948 1811 5006 ds
1828 4951 1923 5006 ordine
1944 4952 2014 5006 seri·

1225 5049 1323 5110 ptnrae
1332 5039 1435 5109 forent
1452 5037 1577 5091 dicenda.
1595 5055 1623 5090 n.
1644 5038 1685 5089 ld.

330 5115 460 5174 Termini
469 5127 533 5173 onte
544 5120 639 5173 ontnio
655 5130 718 5179 sant
734 5119 898 5190 replicandi.
917 5139 945 5174 ιι.
961 5123 988 5173 l.
1197 5123 1328 5177 Ordinem
1356 5123 1507 5195 scripturos
1538 5139 1596 5176 non
1625 5119 1768 5177 etiamn·
1800 5121 1830 5173 s'n
1863 5119 2012 5176 ornns‘tur.

334 5200 467 5257 Vooeluls‘
476 5199 582 5256 ordinis
594 5202 679 5273 origo.
691 5223 720 5257 ιι.
739 5203 764 5255 2·
1229 5224 1256 5258 ιι.
1277 5208 1321 5258 tr.

325 5287 398 5359 ejas
415 5282 583 5355 ambiguitas.
602 5305 632 5338 ιι.
650 5287 674 5340 ³.
693 5287 720 5340 o.
736 5296 764 5341 er
779 5305 833 5358 req.
1196 5287 1359 5344 ornemur
1375 5300 1462 5342 temen
1481 5285 1536 5340 nisi
1552 5286 1668 5340 invertat
1684 5284 1809 5341 ordinem
1822 5281 1897 5356 J'tsrs't
1916 5302 1944 5338 n.
1966 5287 2013 5337 ts.

330 5369 448 5423 Ordtisss
461 5367 556 5442 populi
571 5372 688 5424 rornsnt'.
706 5389 733 5424 n.
752 5370 775 5423 l.
796 5371 821 5422 d.
1194 5375 1252 5427 Am
1267 5373 1404 5427 discordet
1415 5391 1433 5426 o
1445 5369 1560 5426 ratione.
1580 5389 1608 5424 ιι.
1629 5370 1670 5421 ts.

334 5454 414 5506 roeo
424 5454 580 5523 seriptum
592 5454 676 5507 voris
692 5451 857 5524 signr'fiootio
877 5473 904 5507 n
926 5455 968 5509 to.
987 5465 1014 5509 et
1033 5472 1105 5530 seqq.
1194 5457 1251 5510 Ast
1266 5459 1399 5527 perturbet
1416 5455 1538 5510 ordinent
1557 5453 1731 5509 neoessr‘totis.
1750 5473 1780 5508 n.
1799 5455 1843 5508 20.

331 5533 467 5608 Desinit'o
478 5534 585 5591 ordinis
599 5535 754 5604 onsurae.
772 5556 800 5592 ιι.
820 5536 864 5590 tt.
1196 5540 1253 5595 Aut
1265 5543 1312 5595 les·
1329 5541 1376 5594 ool
1391 5537 1554 5595 oontaetndo
1567 5539 1602 5592 ιίι
1619 5537 1768 5592 contrario.
1788 5557 1816 5593 n.
1836 5537 1880 5589 tt.

329 5621 442 5688 Saepius
466 5621 496 5675 in
515 5621 580 5695 jors
598 5622 761 5676 mentionem
775 5619 853 5692 fieri
867 5621 971 5678 ordinis
998 5623 1145 5698 scripturas
1198 5635 1395 5694 proponantur
1428 5623 1556 5692 exempto
1591 5623 1724 5678 nonnullo
1759 5633 1787 5674 es
1822 5621 2012 5692 refillstttur.

371 5725 397 5763 ιι.
419 5709 459 5764 ld.
1199 5735 1225 5769 ιι.
1246 5715 1287 5766 22·
