4436 6222
703 306 1241 496 -ssssnnsnrs
1284 317 1683 492 unna—etsta
1890 451 1894 458 ·

318 712 324 723 .
422 553 550 732 ¹nu
579 571 823 734 uonna
858 540 1307 784 bunnuaria
1333 529 1966 800 ‘announcement

833 863 877 910 sn
898 865 977 914 nmn
993 848 1253 941 landemarus,
1275 867 1360 914 tuno
1383 865 1585 914 messum.
1679 915 1685 930 ,
1735 901 1742 922 ,

920 1034 947 1059 ·’
1017 1037 1430 1120 terreansprs¹

581 1280 590 1294 ,
660 1291 663 1296 ,
708 1184 866 1274 anto.
903 1180 1144 1274 canone
1180 1196 1255 1285 nn
1292 1195 1709 1284 nanonaattan.

581 1545 584 1552 ¹
702 1559 733 1607 ·’
861 1555 1226 1674 nnnnv'onu
1265 1593 1565 1670 necront

1102 1789 1230 1870 -·,‚

275 2100 281 2111 .
360 1981 448 2123 Er
471 2047 633 2136 omnibus
652 2045 776 2130 rebus,
798 2047 926 2142 quibus
947 2041 1094 2118 bumana
1116 2047 1268 2134 sociatas,
1290 2065 1495 2144 cunctaeque
1516 2041 1598 2117 adeo
1620 2043 1844 2140 respublicae,
1867 2051 1901 2115 et
1916 2037 1953 2112 in
1969 2041 2059 2112 bello

370 2159 404 2208 et
427 2141 463 2207 in
489 2141 557 2206 otio
580 2135 718 2220 llorere,
742 2140 958 2230 maximaque
980 2139 1107 2230 cepisse
1128 2139 1331 2206 incrementa
1354 2143 1429 2232 jure
1445 2140 1631 2231 meritoque
1645 2137 1900 2220 existimantur,
1915 2135 2059 2227 primam

366 2252 440 2322 esse
462 2227 575 2320 legum
600 2229 813 2321 justitiaeque
835 2253 966 2312 curam,
987 2242 1061 2306 eta
1112 2227 1356 2296 euidentissimis
1375 2233 1529 2300 omnium
1551 2227 1738 2302 seculorum
1769 2226 1940 2296 llatoribus
1966 2223 2061 2316 judi·

370 2337 481 2388 catum
506 2313 791 2400 rotnascenses
815 2321 907 2386 itttet·
925 2339 1051 2388 omncs.
1075 2251 1110 2408 ὅ

367 2407 1618 2569 ttlttltet“tttttatl'tt'ltt‘alttttltt·ttttlt‘l’tt
1633 2405 2060 2566 ”tlltttital‘tllt‘

367 2569 446 2660 nica
469 2574 708 2672 saluberrimo,
732 2523 954 2680 omniuqua
975 2586 1163 2682 seculorum
1186 2586 1430 2679 praedicatione
1451 2521 1832 2684 digniisimo-,pcouailio
1846 2521 2060 2682 egercgsaora·

373 2677 788 2772 tissimisereuissimiqns
814 2681 1030 2770 imperatores
1049 2688 1084 2744 et
1112 2677 1299 2768 principes,
1328 2678 1388 2770 qui
1421 2701 1574 2774 magnam
1606 2677 1731 2770 gloriae
1752 2699 1832 2746 auae
1862 2690 1987 2784 partem
2020 2677 2059 2742 in

343 2775 349 2785 “
372 2767 521 2862 justitia,
535 2769 582 2836 iu
603 2789 672 2860 qua
697 2769 833 2836 virtutis
854 2765 1011 2858 splendor
1032 2779 1084 2836 est
1106 2768 1291 2844 maximus,
1313 2769 1457 2858 positam
1478 2769 1726 2852 existimantes,
1754 2767 1949 2859 noesiguis
1979 2767 2061 2862 qui·

369 2859 450 2926 dem
470 2859 703 2926 controversiis
724 2857 922 2931 dirimendis
945 2856 1090 2950 judicem
1113 2855 1226 2924 deesse
1248 2858 1392 2926 soluere.
1415 2859 1495 2949 Quo
1524 2873 1663 2928 summo¹
1681 2857 1826 2950 reipubl
1853 2863 2061 2950 germanicae

368 2945 544 3016 commodo
566 2945 737 3030 effectum,
761 2963 802 3016 ut
824 2945 913 3018 band
938 2948 1144 3040 psoensium
1166 2945 1389 3105 singularia,
1413 2948 1467 3019 rel
1489 2943 1622 3042 legibus
1641 2948 1792 3038 imperii,
1807 2965 1865 3015 aut
1880 2945 2061 3048 laudabili,

369 3037 527 3130 bonaque
548 3038 789 3106 consuetudine
810 3039 964 3108 instituta
986 3039 1066 3108 rint.
1091 3037 1130 3105 ld
1153 3040 1214 3128 qui
1239 3062 1292 3104 em
1321 3055 1447 3108 exteras
1492 3054 1584 3108 entes
1614 3033 1912 3129 circumspicienti,
1940 3059 2061 3135 paucas

371 3125 549 3196 admodum
573 3149 643 3194 essa
665 3129 829 3218 affirmare
851 3127 984 3212 licebit,
1008 3129 1045 3198 in
1068 3128 1198 3221 quibua
1231 3125 1435 3220 judiciorum
1468 3062 1554 3198 benc
1581 3127 1890 3200 constituendorum
1919 3151 1980 3220 par
2003 3127 2061 3194 lm·

295 3222 300 3231 '
373 3217 493 3291 bantur
516 3218 614 3314 ratio.
637 3217 737 3287 Hand
761 3242 849 3312 queo
870 3235 982 3289 tamen
1006 3243 1076 3288 rem
1090 3230 1284 3286 memoratu
1306 3217 1557 3310 dignissimam,
1579 3243 1680 3312 quam
1704 3241 1723 3285 a
1748 3217 1965 3310 scriptoribus
1989 3215 2061 3283 bri-

375 3309 523 3376 tannicis
545 3307 595 3398 (ol
616 3311 816 3406 accipimus,
840 3311 959 3377 tacitus
982 3309 1176 3400 praeterire.
1197 3305 1332 3398 Scilicet
1355 3307 1585 3378 florentissima
1610 3309 1667 3378 illa
1692 3309 1822 3392 insula,
1846 3321 1885 3376 ut
1907 3308 2059 3376 omniunt

374 3413 489 3466 rernm
513 3399 682 3482 affluentia
706 3397 828 3470 incolas
850 3419 927 3468 auos
949 3397 1046 3482 beat,
1069 3399 1114 3466 ita
1137 3423 1181 3468 ne
1204 3397 1288 3491 ipsis
1313 3395 1501 3494 quidquam
1534 3423 1665 3486 eorum,
1695 3398 1824 3492 qttibus
1846 3399 1974 3494 justitia
2000 3421 2061 3464 cx·

372 3486 485 3578 pediri
512 3487 632 3578 possit,
661 3489 696 3557 id
725 3486 818 3582 qt'tod
849 3487 887 3556 in
921 3488 1023 3558 rebus
1050 3489 1205 3557 humanit
1231 3490 1330 3584 longe
1357 3490 1540 3560 maximum
1567 3507 1636 3572 est,
1663 3489 1805 3573 deesset,
1833 3512 1950 3595 regum
1973 3487 2063 3556 bane

372 3588 578 3644 moratorum
600 3577 781 3668 prudentia
805 3581 973 3674 provisum
996 3591 1066 3667 est,
1088 3578 1149 3672 qui
1174 3595 1302 3670 praeter
1324 3577 1536 3672 aliasjudioia
1558 3605 1596 3650 ac
1617 3579 1708 3666 lora,
1736 3577 2060 3670 illudfasngttiaro,

374 3663 604 3734 laudatissimo
625 3669 775 3762 exemplo
794 3694 868 3740 esse
890 3669 1083 3755 voluerunt,
1105 3668 1197 3761 qnod
1213 3665 1302 3736 -bont
1322 3688 1358 3738 et
1386 3669 1488 3763 nequi
1515 3681 1655 3758 rocaot3
1682 3665 1743 3736 ubi
1770 3668 1977 3775 judiciorum
2004 3689 2062 3734 m·

374 3777 552 3862 manorum
575 3779 697 3866 more,
711 3762 796 3867 jpris
813 3759 926 3867 cicilia
949 3759 1087 3867 rigore,
1109 3757 1446 3866 laesisnsaluberrima
1469 3755 1810 3868 parqntprrcmedra.
1838 3760 1961 3866 ltaque
1983 3781 2061 3866 eum

327 3959 332 3964 -
356 3849 1141 4033 ‚utetutttttttttetetttn
1159 3849 1683 4045 teneumtttett
1700 3869 1888 4044 mett
1912 3871 2063 4027 etet

217 4058 221 4066 ·
360 4036 463 4094 ‘ctam
485 4023 710 4116 jucunditate,
732 4030 770 4098 in
792 4043 910 4098 ebrum
930 4029 1095 4121 originem
1118 4048 1156 4097 ac
1177 4041 1339 4098 rationem
1354 4027 1535 4099 studiosius
1550 4027 1840 4122 inquirerecoept.
1857 4027 1983 4096 Verum
1999 4027 2066 4094 mi·

377 4109 504 4199 rabile,
528 4113 630 4184 lector
651 4111 903 4203 humanissime,
924 4141 1005 4185 oum
1028 4141 1117 4212 qnae
1134 4119 1208 4186 sine
1231 4118 1301 4187 ullo
1322 4118 1461 4188 consilio
1482 4140 1721 4225 congesseram,
1743 4117 1854 4188 lucem
1876 4116 2065 4209 adspexisse

375 4201 528 4287 ridebis,
548 4205 657 4278 nullis
679 4207 864 4278 luminibus
886 4208 1034 4301 ingenii,
1056 4207 1149 4278 nulla
1171 4219 1241 4277 arte
1262 4208 1436 4286 distincta,
1449 4209 1716 4300 temeritatisque
1732 4231 1786 4276 me
1803 4229 1896 4274 mum
1912 4227 2064 4361 pampas,

379 4291 471 4448 quod
493 4315 580 4375 mm,
603 4295 646 4366 ad
668 4321 772 4391 quam
793 4299 942 4391 graviora
965 4297 1202 4393 requiruntur,
1224 4307 1262 4365 et
1281 4319 1322 4367 ex
1339 4297 1463 4368 abditis
1486 4299 1704 4392 plurimarum
1727 4299 1849 4366 artium
1880 4299 1917 4364 ic
1937 4315 1993 4364 mu
2011 4311 2065 4364 tao

407 4383 553 4455 octm'ttae
575 4383 725 4456 sontibus
755 4387 994 4475 hauriendam,
1020 4387 1230 4478 susceperint.
1254 4383 1370 4458 blultis
1391 4389 1587 4466 nominibus
1617 4387 1703 4456 mibi
1725 4385 1963 4479 deprecandam
1987 4409 2064 4454 eam

381 4472 582 4544 temeritatis
600 4477 794 4569 opinionem
817 4475 992 4565 ducerem,
1014 4477 1082 4556 nisi
1103 4477 1273 4570 cognitum
1296 4478 1364 4570 ipsi
1386 4479 1539 4565 baberet,
1569 4501 1588 4546 a
1613 4493 1732 4546 natura
1761 4479 1807 4544 ita
1835 4474 1987 4545 homines
2009 4475 2065 4540 in·

382 4583 510 4656 genuus
532 4563 666 4638 formari
689 4587 789 4662 atque
810 4566 890 4662 fingi
901 4619 913 4652 ,
936 4580 975 4638 ut
999 4590 1087 4661 quae
1108 4565 1290 4637 laudabilia
1312 4581 1412 4654 sunt,
1435 4592 1493 4639 sua
1518 4581 1635 4660 sponte
1657 4566 1866 4636 admirentur
1889 4577 1921 4636 et
1943 4587 2067 4632 concu-

353 4703 360 4718 .
381 4653 527 4743 piscant,
549 4678 587 4724 ac
607 4669 742 4730 conatus
764 4671 1052 4764 quantoscumque
1066 4655 1163 4738 ‚baud
1186 4657 1475 4748 reprehendendos
1496 4680 1579 4740 esse,
1595 4657 1724 4732 etiamsi
1740 4678 1795 4724 ees
1809 4655 1900 4724 nulla
1914 4668 1973 4724 aut
1990 4657 2065 4728 laus

281 4825 292 4841 ι
380 4754 440 4809 aut
464 4743 601 4812 utilitss'
614 4761 845 4840 consequatur.
870 4747 1059 4837 Contempsi
1083 4745 1177 4827 haec,
1199 4747 1324 4841 eptitrte
1341 4749 1468 4832 lector,
1491 4747 1734 4833 tumultuarie,
1754 4740 1832 4814 cum
1853 4745 1897 4812 de
1918 4745 2063 4814 discessu

297 4913 304 4926 .
381 4833 495 4898 animo
516 4835 695 4926 agitarem,
718 4851 821 4930 atque
844 4840 881 4906 in
903 4839 1043 4905 summis
1064 4837 1222 4928 temporis
1241 4839 1418 4930 augustiis:
1441 4861 1528 4932 quae
1550 4855 1652 4906 erunt
1675 4839 1712 4904 in
1739 4836 1781 4902 iis
1803 4859 1820 4901 a
1846 4859 1898 4904 me
1921 4833 2064 4916 offatim,

381 4919 643 5078 ippptudentiac,
670 4923 861 5021 'udicioquc
882 4951 901 4995 a
924 4947 993 5022 quo
1014 4925 1291 5016 abestmaturitas
1305 4929 1420 4998 aetatis
1434 4929 1597 5022 assignes,
1614 4926 1830 5000 vehementer
1841 4927 1941 4996 etiam
1957 4937 2065 5018 atque

381 5033 486 5080 atam
508 5033 603 5106 rogo,
625 5035 665 5084 ra
681 5037 708 5082 e.

465 5196 503 5264 (ο)
520 5191 614 5252 Tboot.
632 5189 766 5256 drlttttltb.
783 5196 818 5257 ds
836 5195 901 5273 bap.
919 5193 994 5272 boql.
1012 5197 1030 5253 l.
1048 5195 1073 5252 2
1092 5211 1115 5252 c.
1135 5195 1176 5252 tt
1289 5259 1294 5266 ,

1111 2341 1190 2385 nare
1214 2319 1249 2384 in
1273 2308 1723 2426 rebusppblicisl'ottda'ndis
1750 2317 1838 2386 nibil
1866 2316 2059 2384 babuerunt
2206 2399 2207 2408 ἵ
