<?xml version="1.0" encoding="UTF-8"?>
<!DOCTYPE html PUBLIC "-//W3C//DTD XHTML 1.0 Transitional//EN"
    "http://www.w3.org/TR/xhtml1/DTD/xhtml1-transitional.dtd">
<html xmlns="http://www.w3.org/1999/xhtml" xml:lang="en" lang="en">
 <head>
  <title>
</title>
<meta http-equiv="Content-Type" content="text/html;charset=utf-8" />
  <meta name='ocr-system' content='tesseract 3.04.00' />
  <meta name='ocr-capabilities' content='ocr_page ocr_carea ocr_par ocr_line ocrx_word'/>
</head>
<body>
  <div class='ocr_page' id='page_1' title='image "./samuelisstrykii01schogoog/samuelisstrykii01schogoog_0270.png"; bbox 0 0 4450 6208; ppageno 0'>
   <div class='ocr_carea' id='block_1_1' title="bbox 419 373 1835 700">
    <p class='ocr_par' dir='ltr' id='par_1_1' title="bbox 419 373 1835 700">
     <span class='ocr_line' id='line_1_1' title="bbox 778 373 1617 486; baseline 0.001 -27"><span class='ocrx_word' id='word_1_1' title='bbox 778 373 1114 486; x_wconf 79' lang='lat' dir='ltr'>btsrurarrn</span> <span class='ocrx_word' id='word_1_2' title='bbox 1155 379 1366 459; x_wconf 82' lang='lat' dir='ltr'>nactus</span> <span class='ocrx_word' id='word_1_3' title='bbox 1408 375 1617 460; x_wconf 82' lang='lat' dir='ltr'>rnnrrrt</span> 
     </span>
     <span class='ocr_line' id='line_1_2' title="bbox 419 549 1835 700; baseline -0.006 1"><span class='ocrx_word' id='word_1_4' title='bbox 419 549 442 590; x_wconf 79' lang='lat'>&#39;·</span> <span class='ocrx_word' id='word_1_5' title='bbox 563 584 668 700; x_wconf 85' lang='lat' dir='ltr'>uu</span> <span class='ocrx_word' id='word_1_6' title='bbox 720 577 1255 698; x_wconf 81' lang='lat' dir='ltr'>unnuntuuuu</span> <span class='ocrx_word' id='word_1_7' title='bbox 1306 581 1362 694; x_wconf 87' lang='lat' dir='ltr'>u</span> <span class='ocrx_word' id='word_1_8' title='bbox 1409 573 1835 697; x_wconf 77' lang='lat' dir='ltr'>annutante</span> 
     </span>
    </p>
   </div>
   <div class='ocr_carea' id='block_1_2' title="bbox 850 817 1544 946">
    <p class='ocr_par' dir='ltr' id='par_1_2' title="bbox 850 817 1544 946">
     <span class='ocr_line' id='line_1_3' title="bbox 850 817 1544 946; baseline 0.017 -12"><span class='ocrx_word' id='word_1_9' title='bbox 850 817 1544 946; x_wconf 66' lang='lat' dir='ltr'>trudunt-uuus.</span> 
     </span>
    </p>
   </div>
   <div class='ocr_carea' id='block_1_3' title="bbox 968 1070 1427 1135">
    <p class='ocr_par' dir='ltr' id='par_1_3' title="bbox 968 1070 1427 1135">
     <span class='ocr_line' id='line_1_4' title="bbox 968 1070 1427 1135; baseline 0.009 -17"><span class='ocrx_word' id='word_1_10' title='bbox 968 1073 1023 1120; x_wconf 84' lang='lat' dir='ltr'>nra</span> <span class='ocrx_word' id='word_1_11' title='bbox 1045 1075 1069 1119; x_wconf 88' lang='lat' dir='ltr'>r.</span> <span class='ocrx_word' id='word_1_12' title='bbox 1093 1073 1181 1135; x_wconf 78' lang='lat' dir='ltr'>usit,</span> <span class='ocrx_word' id='word_1_13' title='bbox 1203 1074 1288 1120; x_wconf 81' lang='lat' dir='ltr'>sarto</span> <span class='ocrx_word' id='word_1_14' title='bbox 1311 1070 1427 1122; x_wconf 78' lang='lat' dir='ltr'>uncxe.</span> 
     </span>
    </p>
   </div>
   <div class='ocr_carea' id='block_1_4' title="bbox 1095 1249 1313 1294">
    <p class='ocr_par' dir='ltr' id='par_1_4' title="bbox 1095 1249 1313 1294">
     <span class='ocr_line' id='line_1_5' title="bbox 1095 1249 1313 1294; baseline 0.005 -1"><span class='ocrx_word' id='word_1_15' title='bbox 1095 1249 1268 1293; x_wconf 68' lang='grc' dir='ltr'>ΙΜΟΝΜΝ</span> <span class='ocrx_word' id='word_1_16' title='bbox 1273 1251 1313 1294; x_wconf 74' lang='lat'>1¹8</span> 
     </span>
    </p>
   </div>
   <div class='ocr_carea' id='block_1_5' title="bbox 654 1409 1742 1496">
    <p class='ocr_par' dir='ltr' id='par_1_5' title="bbox 654 1409 1742 1496">
     <span class='ocr_line' id='line_1_6' title="bbox 654 1409 1742 1496; baseline -0.006 -12"><span class='ocrx_word' id='word_1_17' title='bbox 654 1411 934 1484; x_wconf 76' lang='lat' dir='ltr'><strong>GUSTAVO</strong></span> <span class='ocrx_word' id='word_1_18' title='bbox 971 1409 1078 1484; x_wconf 79' lang='lat' dir='ltr'>tht.</span> <span class='ocrx_word' id='word_1_19' title='bbox 1117 1411 1242 1484; x_wconf 74' lang='grc' dir='ltr'><strong>ΒΔΗ.</strong></span> <span class='ocrx_word' id='word_1_20' title='bbox 1282 1413 1314 1481; x_wconf 80' lang='grc' dir='ltr'><strong>Α</strong></span> <span class='ocrx_word' id='word_1_21' title='bbox 1352 1409 1742 1496; x_wconf 70' lang='lat' dir='ltr'>titubarem.</span> 
     </span>
    </p>
   </div>
   <div class='ocr_carea' id='block_1_6' title="bbox 925 1635 1484 1686">
    <p class='ocr_par' dir='ltr' id='par_1_6' title="bbox 925 1635 1484 1686">
     <span class='ocr_line' id='line_1_7' title="bbox 925 1635 1484 1686; baseline -0.004 -16"><span class='ocrx_word' id='word_1_22' title='bbox 925 1635 1484 1686; x_wconf 52' lang='grc' dir='ltr'>ιιι-ψυ-</span> 
     </span>
    </p>
   </div>
   <div class='ocr_carea' id='block_1_7' title="bbox 978 1828 1438 1904">
    <p class='ocr_par' dir='ltr' id='par_1_7' title="bbox 978 1828 1438 1904">
     <span class='ocr_line' id='line_1_8' title="bbox 978 1828 1438 1904; baseline 0.004 -2"><span class='ocrx_word' id='word_1_23' title='bbox 978 1828 1438 1904; x_wconf 75' lang='lat' dir='ltr'><strong>INGRESSUS.</strong></span> 
     </span>
    </p>
   </div>
   <div class='ocr_carea' id='block_1_8' title="bbox 358 2031 2055 2633">
    <p class='ocr_par' dir='ltr' id='par_1_8' title="bbox 358 2031 2055 2633">
     <span class='ocr_line' id='line_1_9' title="bbox 360 2031 2050 2180; baseline -0.009 -15"><span class='ocrx_word' id='word_1_24' title='bbox 360 2031 495 2165; x_wconf 84' lang='lat' dir='ltr'>Orbis</span> <span class='ocrx_word' id='word_1_25' title='bbox 521 2101 661 2158; x_wconf 88' lang='lat' dir='ltr'>rectores</span> <span class='ocrx_word' id='word_1_26' title='bbox 683 2101 718 2157; x_wconf 85' lang='lat' dir='ltr'>et</span> <span class='ocrx_word' id='word_1_27' title='bbox 739 2087 891 2156; x_wconf 87' lang='lat' dir='ltr'>dominos</span> <span class='ocrx_word' id='word_1_28' title='bbox 912 2110 1074 2155; x_wconf 86' lang='lat' dir='ltr'>sacrarum</span> <span class='ocrx_word' id='word_1_29' title='bbox 1099 2087 1269 2156; x_wconf 87' lang='lat' dir='ltr'>literarum</span> <span class='ocrx_word' id='word_1_30' title='bbox 1293 2107 1506 2158; x_wconf 88' lang='lat' dir='ltr'>monumenta</span> <span class='ocrx_word' id='word_1_31' title='bbox 1533 2090 1703 2160; x_wconf 88' lang='lat' dir='ltr'>montibus</span> <span class='ocrx_word' id='word_1_32' title='bbox 1726 2080 1955 2180; x_wconf 83' lang='lat' dir='ltr'>aequiparare,</span> <span class='ocrx_word' id='word_1_33' title='bbox 1971 2105 2050 2152; x_wconf 91' lang='lat' dir='ltr'>con·</span> 
     </span>
     <span class='ocr_line' id='line_1_10' title="bbox 358 2175 2054 2274; baseline -0.004 -28"><span class='ocrx_word' id='word_1_34' title='bbox 358 2193 422 2247; x_wconf 88' lang='lat' dir='ltr'>stat</span> <span class='ocrx_word' id='word_1_35' title='bbox 444 2183 533 2248; x_wconf 89' lang='lat' dir='ltr'>inter</span> <span class='ocrx_word' id='word_1_36' title='bbox 556 2204 689 2246; x_wconf 87' lang='lat' dir='ltr'>omnes.</span> <span class='ocrx_word' id='word_1_37' title='bbox 714 2177 842 2248; x_wconf 83' lang='lat' dir='ltr'>lstbaec</span> <span class='ocrx_word' id='word_1_38' title='bbox 866 2201 943 2248; x_wconf 85' lang='lat' dir='ltr'>vero</span> <span class='ocrx_word' id='word_1_39' title='bbox 963 2181 1168 2268; x_wconf 85' lang='lat' dir='ltr'>comparatio</span> <span class='ocrx_word' id='word_1_40' title='bbox 1192 2179 1276 2246; x_wconf 84' lang='lat' dir='ltr'>nihil</span> <span class='ocrx_word' id='word_1_41' title='bbox 1300 2179 1395 2247; x_wconf 88' lang='lat' dir='ltr'>aliud</span> <span class='ocrx_word' id='word_1_42' title='bbox 1418 2205 1518 2272; x_wconf 88' lang='lat' dir='ltr'>quant</span> <span class='ocrx_word' id='word_1_43' title='bbox 1544 2204 1659 2248; x_wconf 88' lang='lat' dir='ltr'>eorum</span> <span class='ocrx_word' id='word_1_44' title='bbox 1684 2181 1841 2274; x_wconf 82' lang='lat' dir='ltr'>indigitat</span> <span class='ocrx_word' id='word_1_45' title='bbox 1872 2175 2054 2244; x_wconf 86' lang='lat' dir='ltr'>liberalita-</span> 
     </span>
     <span class='ocr_line' id='line_1_11' title="bbox 360 2265 2052 2366; baseline -0.002 -31"><span class='ocrx_word' id='word_1_46' title='bbox 360 2283 451 2354; x_wconf 90' lang='lat' dir='ltr'>tem,</span> <span class='ocrx_word' id='word_1_47' title='bbox 474 2269 515 2338; x_wconf 90' lang='lat' dir='ltr'>ad</span> <span class='ocrx_word' id='word_1_48' title='bbox 540 2295 642 2362; x_wconf 90' lang='lat' dir='ltr'>quam</span> <span class='ocrx_word' id='word_1_49' title='bbox 667 2269 813 2362; x_wconf 89' lang='lat' dir='ltr'>primum</span> <span class='ocrx_word' id='word_1_50' title='bbox 836 2267 989 2338; x_wconf 88' lang='lat' dir='ltr'>omnium</span> <span class='ocrx_word' id='word_1_51' title='bbox 1015 2270 1181 2360; x_wconf 76' lang='lat' dir='ltr'>principes</span> <span class='ocrx_word' id='word_1_52' title='bbox 1205 2291 1340 2362; x_wconf 82' lang='lat' dir='ltr'>vergere</span> <span class='ocrx_word' id='word_1_53' title='bbox 1362 2283 1513 2362; x_wconf 79' lang='lat' dir='ltr'><strong>oportet.</strong></span> <span class='ocrx_word' id='word_1_54' title='bbox 1538 2269 1690 2366; x_wconf 77' lang='lat' dir='ltr'>Namque</span> <span class='ocrx_word' id='word_1_55' title='bbox 1706 2271 1806 2338; x_wconf 89' lang='lat' dir='ltr'>sicuti</span> <span class='ocrx_word' id='word_1_56' title='bbox 1821 2265 1938 2337; x_wconf 84' lang='lat' dir='ltr'>excelsi</span> <span class='ocrx_word' id='word_1_57' title='bbox 1957 2290 2052 2334; x_wconf 89' lang='lat' dir='ltr'>mou·</span> 
     </span>
     <span class='ocr_line' id='line_1_12' title="bbox 359 2357 2054 2454; baseline -0.002 -28"><span class='ocrx_word' id='word_1_58' title='bbox 359 2371 471 2428; x_wconf 77' lang='lat' dir='ltr'>teser</span> <span class='ocrx_word' id='word_1_59' title='bbox 497 2359 676 2430; x_wconf 87' lang='lat' dir='ltr'>visceribus</span> <span class='ocrx_word' id='word_1_60' title='bbox 698 2361 766 2426; x_wconf 89' lang='lat' dir='ltr'>suis</span> <span class='ocrx_word' id='word_1_61' title='bbox 790 2359 1005 2452; x_wconf 72' lang='lat' dir='ltr'>penitissimis</span> <span class='ocrx_word' id='word_1_62' title='bbox 1029 2359 1132 2427; x_wconf 77' lang='lat' dir='ltr'>sorites</span> <span class='ocrx_word' id='word_1_63' title='bbox 1156 2361 1348 2448; x_wconf 86' lang='lat' dir='ltr'>perenuiter</span> <span class='ocrx_word' id='word_1_64' title='bbox 1371 2382 1543 2432; x_wconf 85' lang='lat' dir='ltr'>manantes</span> <span class='ocrx_word' id='word_1_65' title='bbox 1566 2365 1807 2454; x_wconf 79' lang='lat' dir='ltr'>suppeditant,</span> <span class='ocrx_word' id='word_1_66' title='bbox 1842 2359 1970 2451; x_wconf 88' lang='lat' dir='ltr'>quibus</span> <span class='ocrx_word' id='word_1_67' title='bbox 2007 2357 2054 2422; x_wconf 89' lang='lat' dir='ltr'>si·</span> 
     </span>
     <span class='ocr_line' id='line_1_13' title="bbox 362 2449 2051 2543; baseline -0.002 -27"><span class='ocrx_word' id='word_1_68' title='bbox 362 2453 483 2518; x_wconf 88' lang='lat' dir='ltr'>tientes</span> <span class='ocrx_word' id='word_1_69' title='bbox 506 2473 599 2543; x_wconf 88' lang='lat' dir='ltr'>agros</span> <span class='ocrx_word' id='word_1_70' title='bbox 621 2463 654 2516; x_wconf 89' lang='lat' dir='ltr'>et</span> <span class='ocrx_word' id='word_1_71' title='bbox 679 2449 777 2518; x_wconf 83' lang='lat' dir='ltr'>valles</span> <span class='ocrx_word' id='word_1_72' title='bbox 801 2453 956 2542; x_wconf 86' lang='lat' dir='ltr'>irrigant,</span> <span class='ocrx_word' id='word_1_73' title='bbox 982 2474 1028 2518; x_wconf 58' lang='lat' dir='ltr'>ae«</span> <span class='ocrx_word' id='word_1_74' title='bbox 1046 2449 1146 2519; x_wconf 85' lang='lat' dir='ltr'>viridi</span> <span class='ocrx_word' id='word_1_75' title='bbox 1172 2453 1360 2516; x_wconf 79' lang='lat' dir='ltr'>inveniunt</span> <span class='ocrx_word' id='word_1_76' title='bbox 1388 2455 1538 2543; x_wconf 85' lang='lat' dir='ltr'>gramine</span> <span class='ocrx_word' id='word_1_77' title='bbox 1568 2467 1602 2519; x_wconf 89' lang='lat' dir='ltr'>et</span> <span class='ocrx_word' id='word_1_78' title='bbox 1632 2453 1793 2534; x_wconf 67' lang='lat' dir='ltr'>ssoribuss</span> <span class='ocrx_word' id='word_1_79' title='bbox 1834 2452 1877 2516; x_wconf 88' lang='lat' dir='ltr'>ita</span> <span class='ocrx_word' id='word_1_80' title='bbox 1916 2470 2051 2540; x_wconf 83' lang='lat' dir='ltr'>quoque</span> 
     </span>
     <span class='ocr_line' id='line_1_14' title="bbox 361 2537 2055 2633; baseline -0.002 -27"><span class='ocrx_word' id='word_1_81' title='bbox 361 2551 527 2611; x_wconf 87' lang='lat' dir='ltr'>terrarum</span> <span class='ocrx_word' id='word_1_82' title='bbox 551 2539 680 2608; x_wconf 89' lang='lat' dir='ltr'>domini</span> <span class='ocrx_word' id='word_1_83' title='bbox 703 2539 829 2633; x_wconf 86' lang='lat' dir='ltr'>gratiae</span> <span class='ocrx_word' id='word_1_84' title='bbox 850 2559 951 2633; x_wconf 88' lang='lat' dir='ltr'>atque</span> <span class='ocrx_word' id='word_1_85' title='bbox 974 2539 1168 2606; x_wconf 85' lang='lat' dir='ltr'>clementiae</span> <span class='ocrx_word' id='word_1_86' title='bbox 1189 2562 1268 2606; x_wconf 85' lang='lat' dir='ltr'>suae</span> <span class='ocrx_word' id='word_1_87' title='bbox 1293 2541 1419 2608; x_wconf 78' lang='lat' dir='ltr'>rivulos</span> <span class='ocrx_word' id='word_1_88' title='bbox 1444 2542 1480 2610; x_wconf 87' lang='lat' dir='ltr'>in</span> <span class='ocrx_word' id='word_1_89' title='bbox 1504 2545 1589 2612; x_wconf 89' lang='lat' dir='ltr'>bene</span> <span class='ocrx_word' id='word_1_90' title='bbox 1612 2546 1758 2622; x_wconf 86' lang='lat' dir='ltr'>meritus,</span> <span class='ocrx_word' id='word_1_91' title='bbox 1783 2560 1815 2610; x_wconf 86' lang='lat' dir='ltr'>et</span> <span class='ocrx_word' id='word_1_92' title='bbox 1838 2539 1889 2608; x_wconf 86' lang='lat' dir='ltr'>sui</span> <span class='ocrx_word' id='word_1_93' title='bbox 1914 2537 2055 2608; x_wconf 86' lang='lat' dir='ltr'>studen-</span> 
     </span>
    </p>
   </div>
   <div class='ocr_carea' id='block_1_9' title="bbox 146 2629 2053 2737">
    <p class='ocr_par' dir='ltr' id='par_1_9' title="bbox 146 2629 2053 2737">
     <span class='ocr_line' id='line_1_15' title="bbox 146 2629 2053 2737; baseline -0.001 -41"><span class='ocrx_word' id='word_1_94' title='bbox 146 2635 152 2644; x_wconf 82' lang='grc'><strong><em>’</em></strong></span> <span class='ocrx_word' id='word_1_95' title='bbox 238 2707 246 2728; x_wconf 29' lang='lat' dir='ltr'>x</span> <span class='ocrx_word' id='word_1_96' title='bbox 359 2647 424 2717; x_wconf 87' lang='lat' dir='ltr'>tes,</span> <span class='ocrx_word' id='word_1_97' title='bbox 447 2645 482 2700; x_wconf 88' lang='lat' dir='ltr'>et</span> <span class='ocrx_word' id='word_1_98' title='bbox 504 2653 625 2737; x_wconf 76' lang='lat' dir='ltr'>egsum</span> <span class='ocrx_word' id='word_1_99' title='bbox 647 2629 849 2712; x_wconf 79' lang='lat' dir='ltr'>effundunt,</span> <span class='ocrx_word' id='word_1_100' title='bbox 873 2653 943 2722; x_wconf 89' lang='lat' dir='ltr'>quo</span> <span class='ocrx_word' id='word_1_101' title='bbox 967 2629 1003 2696; x_wconf 85' lang='lat' dir='ltr'>lri</span> <span class='ocrx_word' id='word_1_102' title='bbox 1027 2629 1068 2696; x_wconf 89' lang='lat' dir='ltr'>ad</span> <span class='ocrx_word' id='word_1_103' title='bbox 1092 2629 1462 2721; x_wconf 77' lang='lat' dir='ltr'>gloriam-reipubliase</span> <span class='ocrx_word' id='word_1_104' title='bbox 1483 2634 1583 2702; x_wconf 88' lang='lat' dir='ltr'>saluti</span> <span class='ocrx_word' id='word_1_105' title='bbox 1606 2635 1773 2702; x_wconf 85' lang='lat' dir='ltr'>serviendi</span> <span class='ocrx_word' id='word_1_106' title='bbox 1804 2631 1909 2722; x_wconf 84' lang='lat' dir='ltr'>magia</span> <span class='ocrx_word' id='word_1_107' title='bbox 1931 2631 2053 2719; x_wconf 87' lang='lat' dir='ltr'>magia·</span> 
     </span>
    </p>
   </div>
   <div class='ocr_carea' id='block_1_10' title="bbox 359 2720 2055 4804">
    <p class='ocr_par' dir='ltr' id='par_1_10' title="bbox 359 2720 2055 3174">
     <span class='ocr_line' id='line_1_16' title="bbox 359 2720 2053 2814; baseline -0.002 -26"><span class='ocrx_word' id='word_1_108' title='bbox 359 2747 429 2812; x_wconf 87' lang='lat' dir='ltr'>que</span> <span class='ocrx_word' id='word_1_109' title='bbox 451 2720 727 2791; x_wconf 80' lang='lat' dir='ltr'>exstimulenturt</span> <span class='ocrx_word' id='word_1_110' title='bbox 751 2722 801 2788; x_wconf 92' lang='lat' dir='ltr'>illi</span> <span class='ocrx_word' id='word_1_111' title='bbox 825 2733 935 2789; x_wconf 90' lang='lat' dir='ltr'>autem</span> <span class='ocrx_word' id='word_1_112' title='bbox 959 2743 1019 2788; x_wconf 86' lang='lat' dir='ltr'>ceu</span> <span class='ocrx_word' id='word_1_113' title='bbox 1043 2734 1223 2788; x_wconf 76' lang='lat' dir='ltr'>arescentes</span> <span class='ocrx_word' id='word_1_114' title='bbox 1246 2721 1315 2814; x_wconf 84' lang='lat' dir='ltr'>agli</span> <span class='ocrx_word' id='word_1_115' title='bbox 1342 2722 1591 2792; x_wconf 73' lang='lat' dir='ltr'>benefieisntiae</span> <span class='ocrx_word' id='word_1_116' title='bbox 1615 2747 1689 2790; x_wconf 88' lang='lat' dir='ltr'>rore</span> <span class='ocrx_word' id='word_1_117' title='bbox 1727 2725 1975 2803; x_wconf 65' lang='lat' dir='ltr'>humectantur,</span> <span class='ocrx_word' id='word_1_118' title='bbox 2014 2729 2053 2784; x_wconf 87' lang='lat' dir='ltr'>ut</span> 
     </span>
     <span class='ocr_line' id='line_1_17' title="bbox 361 2809 2052 2906; baseline -0.004 -26"><span class='ocrx_word' id='word_1_119' title='bbox 361 2813 443 2880; x_wconf 89' lang='lat' dir='ltr'>inde</span> <span class='ocrx_word' id='word_1_120' title='bbox 467 2812 634 2882; x_wconf 86' lang='lat' dir='ltr'>maturius</span> <span class='ocrx_word' id='word_1_121' title='bbox 659 2813 770 2905; x_wconf 82' lang='lat' dir='ltr'>rigere</span> <span class='ocrx_word' id='word_1_122' title='bbox 794 2824 828 2877; x_wconf 89' lang='lat' dir='ltr'>et</span> <span class='ocrx_word' id='word_1_123' title='bbox 851 2831 994 2878; x_wconf 85' lang='lat' dir='ltr'>crescere</span> <span class='ocrx_word' id='word_1_124' title='bbox 1017 2829 1157 2903; x_wconf 79' lang='lat' dir='ltr'>queant.</span> <span class='ocrx_word' id='word_1_125' title='bbox 1182 2809 1410 2901; x_wconf 70' lang='lat' dir='ltr'>Quamobrem</span> <span class='ocrx_word' id='word_1_126' title='bbox 1444 2816 1611 2906; x_wconf 79' lang='lat' dir='ltr'>principes</span> <span class='ocrx_word' id='word_1_127' title='bbox 1644 2821 1681 2880; x_wconf 90' lang='lat' dir='ltr'>ac</span> <span class='ocrx_word' id='word_1_128' title='bbox 1707 2812 1835 2880; x_wconf 88' lang='lat' dir='ltr'>domini</span> <span class='ocrx_word' id='word_1_129' title='bbox 1871 2810 1935 2876; x_wconf 90' lang='lat' dir='ltr'>sibi</span> <span class='ocrx_word' id='word_1_130' title='bbox 1966 2809 2052 2876; x_wconf 84' lang='lat' dir='ltr'>bene</span> 
     </span>
     <span class='ocr_line' id='line_1_18' title="bbox 361 2899 2053 2995; baseline -0.006 -25"><span class='ocrx_word' id='word_1_131' title='bbox 361 2905 558 2985; x_wconf 83' lang='lat' dir='ltr'>consulunt,</span> <span class='ocrx_word' id='word_1_132' title='bbox 583 2925 658 2968; x_wconf 88' lang='lat' dir='ltr'>cum</span> <span class='ocrx_word' id='word_1_133' title='bbox 687 2925 803 2994; x_wconf 86' lang='lat' dir='ltr'>magna</span> <span class='ocrx_word' id='word_1_134' title='bbox 827 2901 1038 2970; x_wconf 88' lang='lat' dir='ltr'>subditorum</span> <span class='ocrx_word' id='word_1_135' title='bbox 1064 2901 1344 2995; x_wconf 71' lang='lat' dir='ltr'>vassallorumque</span> <span class='ocrx_word' id='word_1_136' title='bbox 1368 2909 1486 2972; x_wconf 86' lang='lat' dir='ltr'>merita</span> <span class='ocrx_word' id='word_1_137' title='bbox 1511 2917 1544 2972; x_wconf 90' lang='lat' dir='ltr'>et</span> <span class='ocrx_word' id='word_1_138' title='bbox 1568 2904 1674 2972; x_wconf 82' lang='lat' dir='ltr'>officia</span> <span class='ocrx_word' id='word_1_139' title='bbox 1709 2929 1759 2970; x_wconf 81' lang='lat' dir='ltr'>naa</span> <span class='ocrx_word' id='word_1_140' title='bbox 1786 2899 1893 2968; x_wconf 77' lang='lat' dir='ltr'>nibeis</span> <span class='ocrx_word' id='word_1_141' title='bbox 1930 2901 2053 2966; x_wconf 87' lang='lat' dir='ltr'>immu-</span> 
     </span>
     <span class='ocr_line' id='line_1_19' title="bbox 362 2927 2055 3086; baseline -0.002 -28"><span class='ocrx_word' id='word_1_142' title='bbox 362 2994 506 3060; x_wconf 87' lang='lat' dir='ltr'>nitatum</span> <span class='ocrx_word' id='word_1_143' title='bbox 531 2991 718 3084; x_wconf 77' lang='lat' dir='ltr'>privilegiis</span> <span class='ocrx_word' id='word_1_144' title='bbox 740 3003 972 3084; x_wconf 81' lang='lat' dir='ltr'>compensent,</span> <span class='ocrx_word' id='word_1_145' title='bbox 996 3002 1053 3059; x_wconf 90' lang='lat' dir='ltr'>aut</span> <span class='ocrx_word' id='word_1_146' title='bbox 1076 2991 1157 3059; x_wconf 90' lang='lat' dir='ltr'>alios</span> <span class='ocrx_word' id='word_1_147' title='bbox 1189 2991 1414 3086; x_wconf 86' lang='lat' dir='ltr'>acquirendae</span> <span class='ocrx_word' id='word_1_148' title='bbox 1448 2996 1671 3062; x_wconf 88' lang='lat' dir='ltr'>immunitatis</span> <span class='ocrx_word' id='word_1_149' title='bbox 1699 2927 1811 3060; x_wconf 77' lang='lat' dir='ltr'>modos</span> <span class='ocrx_word' id='word_1_150' title='bbox 1842 2989 2055 3072; x_wconf 77' lang='lat' dir='ltr'>coracedunt3</span> 
     </span>
     <span class='ocr_line' id='line_1_20' title="bbox 363 3081 1443 3174; baseline 0.001 -24"><span class='ocrx_word' id='word_1_151' title='bbox 363 3083 446 3150; x_wconf 89' lang='lat' dir='ltr'>dum</span> <span class='ocrx_word' id='word_1_152' title='bbox 463 3087 557 3152; x_wconf 89' lang='lat' dir='ltr'>&#39;bene</span> <span class='ocrx_word' id='word_1_153' title='bbox 581 3105 711 3172; x_wconf 77' lang='lat' dir='ltr'>sperare</span> <span class='ocrx_word' id='word_1_154' title='bbox 734 3095 877 3174; x_wconf 88' lang='lat' dir='ltr'>queunt,</span> <span class='ocrx_word' id='word_1_155' title='bbox 901 3105 941 3149; x_wconf 84' lang='lat' dir='ltr'>es</span> <span class='ocrx_word' id='word_1_156' title='bbox 964 3083 1004 3148; x_wconf 92' lang='lat' dir='ltr'>iis</span> <span class='ocrx_word' id='word_1_157' title='bbox 1026 3083 1244 3173; x_wconf 84' lang='lat' dir='ltr'>imposterum</span> <span class='ocrx_word' id='word_1_158' title='bbox 1270 3081 1358 3152; x_wconf 87' lang='lat' dir='ltr'>haud</span> <span class='ocrx_word' id='word_1_159' title='bbox 1388 3084 1443 3154; x_wconf 92' lang='lat' dir='ltr'>vul</span> 
     </span>
    </p>

    <p class='ocr_par' dir='ltr' id='par_1_11' title="bbox 365 3171 2055 4804">
     <span class='ocr_line' id='line_1_21' title="bbox 365 3171 2052 3281; baseline -0.002 -41"><span class='ocrx_word' id='word_1_160' title='bbox 365 3185 559 3281; x_wconf 79' lang='lat' dir='ltr'>argumenta</span> <span class='ocrx_word' id='word_1_161' title='bbox 585 3173 620 3238; x_wconf 92' lang='lat' dir='ltr'>in</span> <span class='ocrx_word' id='word_1_162' title='bbox 646 3172 823 3240; x_wconf 84' lang='lat' dir='ltr'>dominum</span> <span class='ocrx_word' id='word_1_163' title='bbox 847 3171 1035 3240; x_wconf 83' lang='lat' dir='ltr'>redundare</span> <span class='ocrx_word' id='word_1_164' title='bbox 1059 3195 1168 3264; x_wconf 88' lang='lat' dir='ltr'>posse.</span> <span class='ocrx_word' id='word_1_165' title='bbox 1194 3173 1358 3266; x_wconf 82' lang='lat' dir='ltr'>Exemplo</span> <span class='ocrx_word' id='word_1_166' title='bbox 1388 3179 1485 3243; x_wconf 79' lang='lat' dir='ltr'>nobis</span> <span class='ocrx_word' id='word_1_167' title='bbox 1513 3176 1557 3244; x_wconf 86' lang='lat' dir='ltr'>sit</span> <span class='ocrx_word' id='word_1_168' title='bbox 1590 3173 1731 3244; x_wconf 90' lang='lat' dir='ltr'>Carolus</span> <span class='ocrx_word' id='word_1_169' title='bbox 1768 3173 1931 3240; x_wconf 79' lang='lat' dir='ltr'>Navarrac</span> <span class='ocrx_word' id='word_1_170' title='bbox 1968 3193 2052 3250; x_wconf 87' lang='lat' dir='ltr'>rex,</span> 
     </span>
     <span class='ocr_line' id='line_1_22' title="bbox 365 3259 2053 3358; baseline -0.004 -26"><span class='ocrx_word' id='word_1_171' title='bbox 365 3291 423 3358; x_wconf 83' lang='lat' dir='ltr'>qur</span> <span class='ocrx_word' id='word_1_172' title='bbox 446 3290 523 3334; x_wconf 89' lang='lat' dir='ltr'>cum</span> <span class='ocrx_word' id='word_1_173' title='bbox 548 3261 714 3332; x_wconf 84' lang='lat' dir='ltr'>beneficus</span> <span class='ocrx_word' id='word_1_174' title='bbox 737 3287 773 3330; x_wconf 91' lang='lat' dir='ltr'>ac</span> <span class='ocrx_word' id='word_1_175' title='bbox 796 3261 944 3331; x_wconf 85' lang='lat' dir='ltr'>liberalia</span> <span class='ocrx_word' id='word_1_176' title='bbox 968 3264 1239 3347; x_wconf 85' lang='lat' dir='ltr'>inveniretur,a</span> <span class='ocrx_word' id='word_1_177' title='bbox 1272 3267 1400 3332; x_wconf 88' lang='lat' dir='ltr'>cunctis</span> <span class='ocrx_word' id='word_1_178' title='bbox 1432 3267 1538 3334; x_wconf 87' lang='lat' dir='ltr'>amari</span> <span class='ocrx_word' id='word_1_179' title='bbox 1570 3263 1714 3334; x_wconf 89' lang='lat' dir='ltr'>subditis</span> <span class='ocrx_word' id='word_1_180' title='bbox 1747 3267 1897 3344; x_wconf 88' lang='lat' dir='ltr'>meruit,</span> <span class='ocrx_word' id='word_1_181' title='bbox 1931 3259 2053 3329; x_wconf 88' lang='lat' dir='ltr'>nobilis</span> 
     </span>
     <span class='ocr_line' id='line_1_23' title="bbox 366 3351 2053 3448; baseline -0.006 -24"><span class='ocrx_word' id='word_1_182' title='bbox 366 3368 548 3447; x_wconf 78' lang='lat' dir='ltr'>cognomen</span> <span class='ocrx_word' id='word_1_183' title='bbox 573 3352 727 3446; x_wconf 87' lang='lat' dir='ltr'>adeptus.</span> <span class='ocrx_word' id='word_1_184' title='bbox 751 3353 910 3424; x_wconf 84' lang='lat' dir='ltr'>Potuitne</span> <span class='ocrx_word' id='word_1_185' title='bbox 934 3353 1030 3421; x_wconf 87' lang='lat' dir='ltr'>aliter</span> <span class='ocrx_word' id='word_1_186' title='bbox 1053 3374 1110 3421; x_wconf 85' lang='lat' dir='ltr'>rex</span> <span class='ocrx_word' id='word_1_187' title='bbox 1134 3355 1300 3422; x_wconf 80' lang='lat' dir='ltr'>llenrieus</span> <span class='ocrx_word' id='word_1_188' title='bbox 1322 3355 1484 3422; x_wconf 87' lang='lat' dir='ltr'>secundus</span> <span class='ocrx_word' id='word_1_189' title='bbox 1501 3358 1613 3424; x_wconf 91' lang='lat' dir='ltr'>animo</span> <span class='ocrx_word' id='word_1_190' title='bbox 1628 3379 1686 3427; x_wconf 88' lang='lat' dir='ltr'>suo</span> <span class='ocrx_word' id='word_1_191' title='bbox 1704 3376 1860 3448; x_wconf 87' lang='lat' dir='ltr'>generoso</span> <span class='ocrx_word' id='word_1_192' title='bbox 1875 3351 2053 3420; x_wconf 85' lang='lat' dir='ltr'>obliterare</span> 
     </span>
     <span class='ocr_line' id='line_1_24' title="bbox 366 3437 2053 3540; baseline -0.006 -26"><span class='ocrx_word' id='word_1_193' title='bbox 366 3447 565 3538; x_wconf 87' lang='lat' dir='ltr'>sanguinem</span> <span class='ocrx_word' id='word_1_194' title='bbox 590 3445 763 3536; x_wconf 81' lang='lat' dir='ltr'>profusum</span> <span class='ocrx_word' id='word_1_195' title='bbox 788 3447 874 3538; x_wconf 86' lang='lat' dir='ltr'>regis</span> <span class='ocrx_word' id='word_1_196' title='bbox 897 3443 989 3510; x_wconf 87' lang='lat' dir='ltr'>Petri</span> <span class='ocrx_word' id='word_1_197' title='bbox 1015 3445 1140 3524; x_wconf 83' lang='lat' dir='ltr'>fratris,</span> <span class='ocrx_word' id='word_1_198' title='bbox 1163 3455 1196 3511; x_wconf 92' lang='lat' dir='ltr'>et</span> <span class='ocrx_word' id='word_1_199' title='bbox 1220 3448 1391 3538; x_wconf 87' lang='lat' dir='ltr'>jussuum</span> <span class='ocrx_word' id='word_1_200' title='bbox 1416 3445 1456 3512; x_wconf 85' lang='lat' dir='ltr'>ad</span> <span class='ocrx_word' id='word_1_201' title='bbox 1480 3469 1631 3514; x_wconf 90' lang='lat' dir='ltr'>coronam</span> <span class='ocrx_word' id='word_1_202' title='bbox 1656 3447 1697 3514; x_wconf 89' lang='lat' dir='ltr'>ab</span> <span class='ocrx_word' id='word_1_203' title='bbox 1721 3447 1844 3540; x_wconf 85' lang='lat' dir='ltr'>injuria</span> <span class='ocrx_word' id='word_1_204' title='bbox 1870 3437 2053 3512; x_wconf 83' lang='lat' dir='ltr'>vindicare?</span> 
     </span>
     <span class='ocr_line' id='line_1_25' title="bbox 366 3531 2054 3629; baseline -0.004 -26"><span class='ocrx_word' id='word_1_205' title='bbox 366 3535 462 3626; x_wconf 87' lang='lat' dir='ltr'>Quid</span> <span class='ocrx_word' id='word_1_206' title='bbox 486 3535 592 3603; x_wconf 88' lang='lat' dir='ltr'>dicam</span> <span class='ocrx_word' id='word_1_207' title='bbox 618 3533 659 3600; x_wconf 91' lang='lat' dir='ltr'>de</span> <span class='ocrx_word' id='word_1_208' title='bbox 684 3533 841 3617; x_wconf 89' lang='lat' dir='ltr'>Tiberio,</span> <span class='ocrx_word' id='word_1_209' title='bbox 867 3557 979 3602; x_wconf 89' lang='lat' dir='ltr'>noune</span> <span class='ocrx_word' id='word_1_210' title='bbox 1003 3533 1081 3600; x_wconf 89' lang='lat' dir='ltr'>haee</span> <span class='ocrx_word' id='word_1_211' title='bbox 1106 3534 1212 3602; x_wconf 91' lang='lat' dir='ltr'>virtus</span> <span class='ocrx_word' id='word_1_212' title='bbox 1235 3537 1303 3626; x_wconf 87' lang='lat' dir='ltr'>ipsi</span> <span class='ocrx_word' id='word_1_213' title='bbox 1320 3537 1529 3604; x_wconf 86' lang='lat' dir='ltr'>conservavit</span> <span class='ocrx_word' id='word_1_214' title='bbox 1555 3537 1751 3628; x_wconf 86' lang='lat' dir='ltr'>imperium,</span> <span class='ocrx_word' id='word_1_215' title='bbox 1783 3535 1843 3629; x_wconf 89' lang='lat' dir='ltr'>qui</span> <span class='ocrx_word' id='word_1_216' title='bbox 1875 3533 1979 3602; x_wconf 90' lang='lat' dir='ltr'>solum</span> <span class='ocrx_word' id='word_1_217' title='bbox 2013 3531 2054 3596; x_wconf 92' lang='lat' dir='ltr'>il-</span> 
     </span>
     <span class='ocr_line' id='line_1_26' title="bbox 367 3620 2053 3720; baseline -0.004 -26"><span class='ocrx_word' id='word_1_218' title='bbox 367 3627 434 3694; x_wconf 90' lang='lat' dir='ltr'>lam</span> <span class='ocrx_word' id='word_1_219' title='bbox 459 3625 619 3706; x_wconf 84' lang='lat' dir='ltr'>retinuit,</span> <span class='ocrx_word' id='word_1_220' title='bbox 642 3649 719 3691; x_wconf 92' lang='lat' dir='ltr'>cum</span> <span class='ocrx_word' id='word_1_221' title='bbox 742 3637 866 3693; x_wconf 87' lang='lat' dir='ltr'>ceteras</span> <span class='ocrx_word' id='word_1_222' title='bbox 889 3621 1043 3692; x_wconf 82' lang='lat' dir='ltr'>exueret?</span> <span class='ocrx_word' id='word_1_223' title='bbox 1066 3623 1117 3690; x_wconf 85' lang='lat' dir='ltr'>Ex</span> <span class='ocrx_word' id='word_1_224' title='bbox 1141 3624 1269 3716; x_wconf 88' lang='lat' dir='ltr'>quibus</span> <span class='ocrx_word' id='word_1_225' title='bbox 1291 3626 1401 3718; x_wconf 84' lang='lat' dir='ltr'>colligi</span> <span class='ocrx_word' id='word_1_226' title='bbox 1426 3624 1543 3701; x_wconf 73' lang='lat' dir='ltr'>datur,</span> <span class='ocrx_word' id='word_1_227' title='bbox 1569 3626 1735 3720; x_wconf 85' lang='lat' dir='ltr'>principes</span> <span class='ocrx_word' id='word_1_228' title='bbox 1761 3644 1796 3693; x_wconf 89' lang='lat' dir='ltr'>et</span> <span class='ocrx_word' id='word_1_229' title='bbox 1824 3620 2053 3714; x_wconf 88' lang='lat' dir='ltr'>rerumpubli-</span> 
     </span>
     <span class='ocr_line' id='line_1_27' title="bbox 368 3714 2055 3808; baseline -0.003 -23"><span class='ocrx_word' id='word_1_230' title='bbox 368 3740 483 3785; x_wconf 89' lang='lat' dir='ltr'>carum</span> <span class='ocrx_word' id='word_1_231' title='bbox 508 3733 665 3801; x_wconf 88' lang='lat' dir='ltr'>rectores,</span> <span class='ocrx_word' id='word_1_232' title='bbox 690 3738 758 3781; x_wconf 91' lang='lat' dir='ltr'>non</span> <span class='ocrx_word' id='word_1_233' title='bbox 784 3727 914 3782; x_wconf 88' lang='lat' dir='ltr'>tantum</span> <span class='ocrx_word' id='word_1_234' title='bbox 938 3714 1085 3784; x_wconf 81' lang='lat' dir='ltr'>eonsnlta</span> <span class='ocrx_word' id='word_1_235' title='bbox 1110 3715 1285 3808; x_wconf 81' lang='lat' dir='ltr'>largitione</span> <span class='ocrx_word' id='word_1_236' title='bbox 1308 3716 1373 3783; x_wconf 90' lang='lat' dir='ltr'>sibi</span> <span class='ocrx_word' id='word_1_237' title='bbox 1397 3716 1625 3786; x_wconf 77' lang='lat' dir='ltr'>infestissimos</span> <span class='ocrx_word' id='word_1_238' title='bbox 1655 3717 1856 3798; x_wconf 76' lang='lat' dir='ltr'>eonatiliare,</span> <span class='ocrx_word' id='word_1_239' title='bbox 1889 3715 2055 3806; x_wconf 78' lang='lat' dir='ltr'>regnique</span> 
     </span>
     <span class='ocr_line' id='line_1_28' title="bbox 370 3803 2055 3899; baseline -0.004 -25"><span class='ocrx_word' id='word_1_240' title='bbox 370 3807 605 3898; x_wconf 84' lang='lat' dir='ltr'>possessionem</span> <span class='ocrx_word' id='word_1_241' title='bbox 630 3804 800 3885; x_wconf 82' lang='lat' dir='ltr'>stabilire,</span> <span class='ocrx_word' id='word_1_242' title='bbox 824 3807 879 3872; x_wconf 90' lang='lat' dir='ltr'>sed</span> <span class='ocrx_word' id='word_1_243' title='bbox 902 3807 1001 3872; x_wconf 86' lang='lat' dir='ltr'>ctiam</span> <span class='ocrx_word' id='word_1_244' title='bbox 1026 3804 1176 3874; x_wconf 89' lang='lat' dir='ltr'>subditos</span> <span class='ocrx_word' id='word_1_245' title='bbox 1197 3819 1390 3899; x_wconf 86' lang='lat' dir='ltr'>ceterosque</span> <span class='ocrx_word' id='word_1_246' title='bbox 1412 3807 1561 3876; x_wconf 77' lang='lat' dir='ltr'>vassallos</span> <span class='ocrx_word' id='word_1_247' title='bbox 1583 3807 1625 3875; x_wconf 90' lang='lat' dir='ltr'>ad</span> <span class='ocrx_word' id='word_1_248' title='bbox 1647 3807 1869 3876; x_wconf 89' lang='lat' dir='ltr'>obedientiam</span> <span class='ocrx_word' id='word_1_249' title='bbox 1893 3818 1926 3871; x_wconf 88' lang='lat' dir='ltr'>et</span> <span class='ocrx_word' id='word_1_250' title='bbox 1948 3803 2055 3870; x_wconf 87' lang='lat' dir='ltr'>lideli·</span> 
     </span>
     <span class='ocr_line' id='line_1_29' title="bbox 372 3893 2052 4000; baseline -0.004 -37"><span class='ocrx_word' id='word_1_251' title='bbox 372 3911 487 3964; x_wconf 77' lang='lat' dir='ltr'>tatem</span> <span class='ocrx_word' id='word_1_252' title='bbox 503 3897 564 3964; x_wconf 89' lang='lat' dir='ltr'>boc</span> <span class='ocrx_word' id='word_1_253' title='bbox 592 3907 686 3988; x_wconf 89' lang='lat' dir='ltr'>pacto</span> <span class='ocrx_word' id='word_1_254' title='bbox 719 3897 936 3986; x_wconf 89' lang='lat' dir='ltr'>promptiores</span> <span class='ocrx_word' id='word_1_255' title='bbox 965 3894 1124 3963; x_wconf 86' lang='lat' dir='ltr'>reddere.</span> <span class='ocrx_word' id='word_1_256' title='bbox 1152 3897 1223 3964; x_wconf 84' lang='lat' dir='ltr'>Hoc</span> <span class='ocrx_word' id='word_1_257' title='bbox 1256 3913 1326 3974; x_wconf 86' lang='lat' dir='ltr'>est,</span> <span class='ocrx_word' id='word_1_258' title='bbox 1383 3898 1448 3964; x_wconf 90' lang='lat' dir='ltr'>uod</span> <span class='ocrx_word' id='word_1_259' title='bbox 1475 3899 1577 3967; x_wconf 86' lang='lat' dir='ltr'>calcar</span> <span class='ocrx_word' id='word_1_260' title='bbox 1606 3897 1753 3977; x_wconf 81' lang='lat' dir='ltr'>addidit,</span> <span class='ocrx_word' id='word_1_261' title='bbox 1783 3909 1821 3964; x_wconf 90' lang='lat' dir='ltr'>ut</span> <span class='ocrx_word' id='word_1_262' title='bbox 1852 3893 2052 4000; x_wconf 72' lang='lat' dir='ltr'>peculiarem</span> 
     </span>
     <span class='ocr_line' id='line_1_30' title="bbox 374 3923 2053 4072; baseline -0.002 -19"><span class='ocrx_word' id='word_1_263' title='bbox 374 3985 638 4054; x_wconf 82' lang='lat' dir='ltr'>dissertationem</span> <span class='ocrx_word' id='word_1_264' title='bbox 661 3982 703 4052; x_wconf 91' lang='lat' dir='ltr'>de</span> <span class='ocrx_word' id='word_1_265' title='bbox 727 3984 999 4052; x_wconf 88' lang='lat' dir='ltr'>immunitatibus</span> <span class='ocrx_word' id='word_1_266' title='bbox 1022 4009 1038 4051; x_wconf 98' lang='lat' dir='ltr'>a</span> <span class='ocrx_word' id='word_1_267' title='bbox 1069 3989 1213 4055; x_wconf 86' lang='lat' dir='ltr'>servitiis</span> <span class='ocrx_word' id='word_1_268' title='bbox 1240 3923 1432 4056; x_wconf 82' lang='lat' dir='ltr'>feudalibus</span> <span class='ocrx_word' id='word_1_269' title='bbox 1459 3988 1721 4072; x_wconf 86' lang='lat' dir='ltr'>conscriberem,</span> <span class='ocrx_word' id='word_1_270' title='bbox 1750 3999 1919 4053; x_wconf 80' lang='lat' dir='ltr'>materiam</span> <span class='ocrx_word' id='word_1_271' title='bbox 1947 4007 2053 4062; x_wconf 89' lang='lat' dir='ltr'>sane,</span> 
     </span>
     <span class='ocr_line' id='line_1_31' title="bbox 369 4073 2054 4169; baseline -0.004 -24"><span class='ocrx_word' id='word_1_272' title='bbox 369 4079 421 4145; x_wconf 90' lang='lat' dir='ltr'>uti</span> <span class='ocrx_word' id='word_1_273' title='bbox 447 4101 545 4168; x_wconf 90' lang='lat' dir='ltr'>supra</span> <span class='ocrx_word' id='word_1_274' title='bbox 570 4089 617 4143; x_wconf 85' lang='lat' dir='ltr'>tot</span> <span class='ocrx_word' id='word_1_275' title='bbox 641 4073 803 4164; x_wconf 82' lang='lat' dir='ltr'>exemplis</span> <span class='ocrx_word' id='word_1_276' title='bbox 826 4075 1101 4161; x_wconf 87' lang='lat' dir='ltr'>demonstratum,</span> <span class='ocrx_word' id='word_1_277' title='bbox 1124 4078 1222 4144; x_wconf 88' lang='lat' dir='ltr'>valde</span> <span class='ocrx_word' id='word_1_278' title='bbox 1247 4079 1454 4169; x_wconf 85' lang='lat' dir='ltr'>principibus</span> <span class='ocrx_word' id='word_1_279' title='bbox 1486 4096 1519 4144; x_wconf 92' lang='lat' dir='ltr'>et</span> <span class='ocrx_word' id='word_1_280' title='bbox 1552 4079 1698 4144; x_wconf 89' lang='lat' dir='ltr'>dominis</span> <span class='ocrx_word' id='word_1_281' title='bbox 1735 4077 1868 4143; x_wconf 88' lang='lat' dir='ltr'>directis</span> <span class='ocrx_word' id='word_1_282' title='bbox 1908 4073 2054 4152; x_wconf 88' lang='lat' dir='ltr'>utilem,</span> 
     </span>
     <span class='ocr_line' id='line_1_32' title="bbox 370 4164 2052 4260; baseline -0.004 -23"><span class='ocrx_word' id='word_1_283' title='bbox 370 4183 474 4260; x_wconf 85' lang='lat' dir='ltr'>atque</span> <span class='ocrx_word' id='word_1_284' title='bbox 495 4167 711 4258; x_wconf 85' lang='lat' dir='ltr'>salutiferam:</span> <span class='ocrx_word' id='word_1_285' title='bbox 735 4165 863 4255; x_wconf 90' lang='lat' dir='ltr'>quippe</span> <span class='ocrx_word' id='word_1_286' title='bbox 888 4164 946 4230; x_wconf 89' lang='lat' dir='ltr'>hoc</span> <span class='ocrx_word' id='word_1_287' title='bbox 971 4178 1065 4254; x_wconf 77' lang='lat' dir='ltr'>proto</span> <span class='ocrx_word' id='word_1_288' title='bbox 1087 4189 1203 4234; x_wconf 91' lang='lat' dir='ltr'>eorum</span> <span class='ocrx_word' id='word_1_289' title='bbox 1227 4169 1357 4260; x_wconf 83' lang='lat' dir='ltr'>juribus</span> <span class='ocrx_word' id='word_1_290' title='bbox 1382 4191 1448 4236; x_wconf 90' lang='lat' dir='ltr'>non</span> <span class='ocrx_word' id='word_1_291' title='bbox 1472 4169 1613 4237; x_wconf 90' lang='lat' dir='ltr'>multum</span> <span class='ocrx_word' id='word_1_292' title='bbox 1637 4165 1781 4254; x_wconf 83' lang='lat' dir='ltr'>decedit,</span> <span class='ocrx_word' id='word_1_293' title='bbox 1799 4165 1924 4234; x_wconf 81' lang='lat' dir='ltr'>vassalli</span> <span class='ocrx_word' id='word_1_294' title='bbox 1940 4183 2052 4231; x_wconf 87' lang='lat' dir='ltr'>autem</span> 
     </span>
     <span class='ocr_line' id='line_1_33' title="bbox 373 4255 2052 4352; baseline -0.004 -26"><span class='ocrx_word' id='word_1_295' title='bbox 373 4259 416 4328; x_wconf 89' lang='lat' dir='ltr'>ad</span> <span class='ocrx_word' id='word_1_296' title='bbox 440 4263 575 4352; x_wconf 86' lang='lat' dir='ltr'>quaevis</span> <span class='ocrx_word' id='word_1_297' title='bbox 597 4255 803 4335; x_wconf 81' lang='lat' dir='ltr'>officiorum,</span> <span class='ocrx_word' id='word_1_298' title='bbox 828 4256 1106 4347; x_wconf 88' lang='lat' dir='ltr'>servitiorumque</span> <span class='ocrx_word' id='word_1_299' title='bbox 1129 4279 1248 4349; x_wconf 86' lang='lat' dir='ltr'>genera</span> <span class='ocrx_word' id='word_1_300' title='bbox 1274 4257 1484 4348; x_wconf 86' lang='lat' dir='ltr'>praestanda,</span> <span class='ocrx_word' id='word_1_301' title='bbox 1507 4283 1541 4326; x_wconf 90' lang='lat' dir='ltr'>se</span> <span class='ocrx_word' id='word_1_302' title='bbox 1564 4281 1603 4326; x_wconf 92' lang='lat' dir='ltr'>eo</span> <span class='ocrx_word' id='word_1_303' title='bbox 1635 4259 1740 4350; x_wconf 87' lang='lat' dir='ltr'>magia</span> <span class='ocrx_word' id='word_1_304' title='bbox 1766 4257 1937 4324; x_wconf 88' lang='lat' dir='ltr'>adstrictos</span> <span class='ocrx_word' id='word_1_305' title='bbox 1973 4277 2052 4321; x_wconf 86' lang='lat' dir='ltr'>cen-</span> 
     </span>
     <span class='ocr_line' id='line_1_34' title="bbox 371 4345 2055 4438; baseline -0.004 -20"><span class='ocrx_word' id='word_1_306' title='bbox 371 4361 461 4434; x_wconf 86' lang='lat' dir='ltr'>sent,</span> <span class='ocrx_word' id='word_1_307' title='bbox 483 4365 516 4414; x_wconf 90' lang='lat' dir='ltr'>et</span> <span class='ocrx_word' id='word_1_308' title='bbox 536 4369 658 4414; x_wconf 86' lang='lat' dir='ltr'>merces</span> <span class='ocrx_word' id='word_1_309' title='bbox 680 4345 723 4412; x_wconf 88' lang='lat' dir='ltr'>ab</span> <span class='ocrx_word' id='word_1_310' title='bbox 745 4368 796 4427; x_wconf 88' lang='lat' dir='ltr'>eo,</span> <span class='ocrx_word' id='word_1_311' title='bbox 820 4345 880 4438; x_wconf 89' lang='lat' dir='ltr'>qui</span> <span class='ocrx_word' id='word_1_312' title='bbox 906 4345 1022 4434; x_wconf 84' lang='lat' dir='ltr'>jubere</span> <span class='ocrx_word' id='word_1_313' title='bbox 1046 4359 1162 4436; x_wconf 89' lang='lat' dir='ltr'>potest,</span> <span class='ocrx_word' id='word_1_314' title='bbox 1188 4349 1253 4415; x_wconf 91' lang='lat' dir='ltr'>vim</span> <span class='ocrx_word' id='word_1_315' title='bbox 1278 4350 1478 4417; x_wconf 86' lang='lat' dir='ltr'>necessitatis</span> <span class='ocrx_word' id='word_1_316' title='bbox 1499 4347 1603 4420; x_wconf 85' lang='lat' dir='ltr'>affert.</span> <span class='ocrx_word' id='word_1_317' title='bbox 1632 4348 1678 4415; x_wconf 77' lang='lat' dir='ltr'>tt</span> <span class='ocrx_word' id='word_1_318' title='bbox 1700 4372 1743 4416; x_wconf 90' lang='lat' dir='ltr'>ue</span> <span class='ocrx_word' id='word_1_319' title='bbox 1766 4362 1894 4438; x_wconf 85' lang='lat' dir='ltr'>praeter</span> <span class='ocrx_word' id='word_1_320' title='bbox 1918 4345 2055 4411; x_wconf 88' lang='lat' dir='ltr'>iustitu-</span> 
     </span>
     <span class='ocr_line' id='line_1_35' title="bbox 373 4435 2054 4532; baseline -0.003 -24"><span class='ocrx_word' id='word_1_321' title='bbox 373 4455 445 4508; x_wconf 88' lang='lat' dir='ltr'>tum</span> <span class='ocrx_word' id='word_1_322' title='bbox 470 4436 651 4528; x_wconf 82' lang='lat' dir='ltr'>prolixitati</span> <span class='ocrx_word' id='word_1_323' title='bbox 677 4437 819 4502; x_wconf 80' lang='lat' dir='ltr'>niarium</span> <span class='ocrx_word' id='word_1_324' title='bbox 845 4435 1051 4516; x_wconf 88' lang='lat' dir='ltr'>studeamus,</span> <span class='ocrx_word' id='word_1_325' title='bbox 1076 4453 1129 4519; x_wconf 87' lang='lat' dir='ltr'>te,</span> <span class='ocrx_word' id='word_1_326' title='bbox 1151 4435 1290 4504; x_wconf 88' lang='lat' dir='ltr'>candide</span> <span class='ocrx_word' id='word_1_327' title='bbox 1313 4439 1430 4519; x_wconf 89' lang='lat' dir='ltr'>lector,</span> <span class='ocrx_word' id='word_1_328' title='bbox 1454 4463 1606 4532; x_wconf 87' lang='lat' dir='ltr'>rogamus</span> <span class='ocrx_word' id='word_1_329' title='bbox 1629 4442 1771 4521; x_wconf 83' lang='lat' dir='ltr'>obnixe,</span> <span class='ocrx_word' id='word_1_330' title='bbox 1804 4437 1955 4503; x_wconf 90' lang='lat' dir='ltr'>laborum</span> <span class='ocrx_word' id='word_1_331' title='bbox 1997 4457 2054 4503; x_wconf 92' lang='lat' dir='ltr'>no-</span> 
     </span>
     <span class='ocr_line' id='line_1_36' title="bbox 375 4521 2052 4620; baseline -0.004 -22"><span class='ocrx_word' id='word_1_332' title='bbox 375 4545 517 4598; x_wconf 86' lang='lat' dir='ltr'>strorum</span> <span class='ocrx_word' id='word_1_333' title='bbox 542 4525 800 4594; x_wconf 87' lang='lat' dir='ltr'>academicorum</span> <span class='ocrx_word' id='word_1_334' title='bbox 826 4524 974 4592; x_wconf 89' lang='lat' dir='ltr'>lloseulos</span> <span class='ocrx_word' id='word_1_335' title='bbox 1005 4551 1119 4594; x_wconf 85' lang='lat' dir='ltr'>serena</span> <span class='ocrx_word' id='word_1_336' title='bbox 1148 4527 1258 4593; x_wconf 83' lang='lat' dir='ltr'>fronte</span> <span class='ocrx_word' id='word_1_337' title='bbox 1285 4531 1446 4620; x_wconf 87' lang='lat' dir='ltr'>excipias,</span> <span class='ocrx_word' id='word_1_338' title='bbox 1472 4544 1507 4596; x_wconf 89' lang='lat' dir='ltr'>ct</span> <span class='ocrx_word' id='word_1_339' title='bbox 1538 4531 1564 4599; x_wconf 89' lang='lat' dir='ltr'>si</span> <span class='ocrx_word' id='word_1_340' title='bbox 1597 4529 1732 4596; x_wconf 85' lang='lat' dir='ltr'>sortasse</span> <span class='ocrx_word' id='word_1_341' title='bbox 1772 4529 1808 4593; x_wconf 92' lang='lat' dir='ltr'>in</span> <span class='ocrx_word' id='word_1_342' title='bbox 1847 4521 2052 4616; x_wconf 84' lang='lat' dir='ltr'>quibusdam</span> 
     </span>
     <span class='ocr_line' id='line_1_37' title="bbox 372 4614 2053 4726; baseline -0.004 -39"><span class='ocrx_word' id='word_1_343' title='bbox 372 4633 507 4726; x_wconf 87' lang='lat' dir='ltr'>propter</span> <span class='ocrx_word' id='word_1_344' title='bbox 529 4616 698 4684; x_wconf 90' lang='lat' dir='ltr'>lubricum</span> <span class='ocrx_word' id='word_1_345' title='bbox 721 4618 837 4683; x_wconf 85' lang='lat' dir='ltr'>aetatis</span> <span class='ocrx_word' id='word_1_346' title='bbox 861 4615 1053 4684; x_wconf 87' lang='lat' dir='ltr'>hallucinati</span> <span class='ocrx_word' id='word_1_347' title='bbox 1079 4619 1201 4702; x_wconf 89' lang='lat' dir='ltr'>simus,</span> <span class='ocrx_word' id='word_1_348' title='bbox 1226 4619 1411 4686; x_wconf 84' lang='lat' dir='ltr'>secundum</span> <span class='ocrx_word' id='word_1_349' title='bbox 1434 4620 1726 4713; x_wconf 89' lang='lat' dir='ltr'>aequanimitatem</span> <span class='ocrx_word' id='word_1_350' title='bbox 1735 4631 1842 4686; x_wconf 67' lang='lat' dir='ltr'>‘tuam</span> <span class='ocrx_word' id='word_1_351' title='bbox 1864 4628 1981 4682; x_wconf 84' lang='lat' dir='ltr'>cuncta</span> <span class='ocrx_word' id='word_1_352' title='bbox 2016 4614 2053 4681; x_wconf 95' lang='lat' dir='ltr'>in</span> 
     </span>
     <span class='ocr_line' id='line_1_38' title="bbox 374 4709 961 4804; baseline -0.005 -27"><span class='ocrx_word' id='word_1_353' title='bbox 374 4729 535 4804; x_wconf 79' lang='lat' dir='ltr'>optimam</span> <span class='ocrx_word' id='word_1_354' title='bbox 558 4709 785 4800; x_wconf 86' lang='lat' dir='ltr'>interpreteris</span> <span class='ocrx_word' id='word_1_355' title='bbox 807 4725 961 4802; x_wconf 81' lang='lat' dir='ltr'>partem.</span> 
     </span>
    </p>
   </div>
   <div class='ocr_carea' id='block_1_11' title="bbox 1444 3079 2052 3192">
    <p class='ocr_par' dir='ltr' id='par_1_12' title="bbox 1444 3079 2052 3192">
     <span class='ocr_line' id='line_1_39' title="bbox 1444 3079 2052 3192; baseline -0.01 -42"><span class='ocrx_word' id='word_1_356' title='bbox 1444 3087 1531 3192; x_wconf 82' lang='lat' dir='ltr'>garis</span> <span class='ocrx_word' id='word_1_357' title='bbox 1563 3085 1796 3165; x_wconf 79' lang='lat' dir='ltr'>fortitudinis,</span> <span class='ocrx_word' id='word_1_358' title='bbox 1825 3098 1858 3148; x_wconf 84' lang='lat' dir='ltr'>ct</span> <span class='ocrx_word' id='word_1_359' title='bbox 1885 3079 2052 3148; x_wconf 80' lang='lat' dir='ltr'>fidelitatis</span> 
     </span>
    </p>
   </div>
   <div class='ocr_carea' id='block_1_12' title="bbox 1054 4879 1376 4961">
    <p class='ocr_par' dir='ltr' id='par_1_13' title="bbox 1054 4879 1376 4961">
     <span class='ocr_line' id='line_1_40' title="bbox 1054 4879 1376 4961; baseline 0.003 -1"><span class='ocrx_word' id='word_1_360' title='bbox 1054 4891 1302 4961; x_wconf 74' lang='lat' dir='ltr'>CAPUT</span> <span class='ocrx_word' id='word_1_361' title='bbox 1339 4879 1376 4961; x_wconf 86' lang='lat' dir='ltr'>l.</span> 
     </span>
    </p>
   </div>
   <div class='ocr_carea' id='block_1_13' title="bbox 736 5073 1689 5174">
    <p class='ocr_par' dir='ltr' id='par_1_14' title="bbox 736 5073 1689 5174">
     <span class='ocr_line' id='line_1_41' title="bbox 736 5073 1689 5174; baseline -0.002 -28"><span class='ocrx_word' id='word_1_362' title='bbox 736 5073 794 5146; x_wconf 86' lang='lat' dir='ltr'>Dc</span> <span class='ocrx_word' id='word_1_363' title='bbox 816 5077 1031 5146; x_wconf 81' lang='lat' dir='ltr'>immunitate</span> <span class='ocrx_word' id='word_1_364' title='bbox 1052 5103 1075 5146; x_wconf 88' lang='lat' dir='ltr'>a</span> <span class='ocrx_word' id='word_1_365' title='bbox 1099 5083 1248 5152; x_wconf 82' lang='lat' dir='ltr'>servitiis</span> <span class='ocrx_word' id='word_1_366' title='bbox 1258 5077 1466 5174; x_wconf 79' lang='lat' dir='ltr'>fiudnlibus</span> <span class='ocrx_word' id='word_1_367' title='bbox 1490 5079 1529 5150; x_wconf 82' lang='lat' dir='ltr'>in</span> <span class='ocrx_word' id='word_1_368' title='bbox 1552 5101 1689 5172; x_wconf 80' lang='lat' dir='ltr'>genere.</span> 
     </span>
    </p>
   </div>
   <div class='ocr_carea' id='block_1_14' title="bbox 369 5271 2027 5768">
    <p class='ocr_par' dir='ltr' id='par_1_15' title="bbox 369 5271 2027 5768">
     <span class='ocr_line' id='line_1_42' title="bbox 608 5271 1681 5346; baseline -0.002 -18"><span class='ocrx_word' id='word_1_369' title='bbox 608 5277 632 5328; x_wconf 72' lang='lat' dir='ltr'>d*</span> <span class='ocrx_word' id='word_1_370' title='bbox 651 5275 680 5330; x_wconf 85' lang='lat' dir='ltr'><em>U</em></span> <span class='ocrx_word' id='word_1_371' title='bbox 694 5272 732 5338; x_wconf 70' lang='lat' dir='ltr'>a!</span> <span class='ocrx_word' id='word_1_372' title='bbox 744 5271 780 5326; x_wconf 83' lang='lat'>11</span> <span class='ocrx_word' id='word_1_373' title='bbox 794 5272 825 5326; x_wconf 82' lang='lat' dir='ltr'><em>A</em></span> <span class='ocrx_word' id='word_1_374' title='bbox 842 5275 868 5327; x_wconf 79' lang='lat' dir='ltr'><em>R</em></span> <span class='ocrx_word' id='word_1_375' title='bbox 885 5275 956 5328; x_wconf 81' lang='grc' dir='ltr'>[Α.</span> <span class='ocrx_word' id='word_1_376' title='bbox 1247 5277 1333 5332; x_wconf 66' lang='lat' dir='ltr'>Vama</span> <span class='ocrx_word' id='word_1_377' title='bbox 1346 5275 1602 5346; x_wconf 67' lang='lat' dir='ltr'>mmeramme.</span> <span class='ocrx_word' id='word_1_378' title='bbox 1616 5271 1681 5328; x_wconf 67' lang='grc' dir='ltr'><strong>Μ</strong></span> 
     </span>
     <span class='ocr_line' id='line_1_43' title="bbox 1241 5357 1599 5431; baseline -0.006 -19"><span class='ocrx_word' id='word_1_379' title='bbox 1241 5359 1365 5415; x_wconf 78' lang='lat' dir='ltr'>Sumitur</span> <span class='ocrx_word' id='word_1_380' title='bbox 1373 5375 1423 5431; x_wconf 83' lang='lat' dir='ltr'>pro</span> <span class='ocrx_word' id='word_1_381' title='bbox 1436 5358 1520 5412; x_wconf 78' lang='lat' dir='ltr'>alono.</span> <span class='ocrx_word' id='word_1_382' title='bbox 1531 5376 1559 5411; x_wconf 84' lang='lat' dir='ltr'>at·</span> <span class='ocrx_word' id='word_1_383' title='bbox 1573 5357 1599 5411; x_wconf 79' lang='lat' dir='ltr'>S.</span> 
     </span>
     <span class='ocr_line' id='line_1_44' title="bbox 369 5437 2027 5514; baseline 0 -18"><span class='ocrx_word' id='word_1_384' title='bbox 369 5439 395 5514; x_wconf 65' lang='grc'>5.</span> <span class='ocrx_word' id='word_1_385' title='bbox 409 5445 430 5496; x_wconf 86' lang='grc'>1.</span> <span class='ocrx_word' id='word_1_386' title='bbox 444 5443 592 5512; x_wconf 68' lang='lat' dir='ltr'>Ingressus.</span> <span class='ocrx_word' id='word_1_387' title='bbox 605 5461 633 5496; x_wconf 84' lang='lat' dir='ltr'>ra.</span> <span class='ocrx_word' id='word_1_388' title='bbox 648 5445 674 5495; x_wconf 86' lang='lat'>1.</span> <span class='ocrx_word' id='word_1_389' title='bbox 1243 5443 1345 5498; x_wconf 74' lang='lat' dir='ltr'>Munus</span> <span class='ocrx_word' id='word_1_390' title='bbox 1355 5442 1384 5496; x_wconf 84' lang='lat' dir='ltr'>s&#39;rt</span> <span class='ocrx_word' id='word_1_391' title='bbox 1400 5442 1469 5498; x_wconf 75' lang='lat' dir='ltr'>doni</span> <span class='ocrx_word' id='word_1_392' title='bbox 1477 5441 1679 5513; x_wconf 64' lang='lat' dir='ltr'>significatione</span> <span class='ocrx_word' id='word_1_393' title='bbox 1690 5437 1743 5494; x_wconf 75' lang='lat' dir='ltr'>tua</span> <span class='ocrx_word' id='word_1_394' title='bbox 1755 5455 1811 5494; x_wconf 85' lang='lat' dir='ltr'>nott</span> <span class='ocrx_word' id='word_1_395' title='bbox 1822 5441 1947 5511; x_wconf 74' lang='lat' dir='ltr'>peremat.</span> <span class='ocrx_word' id='word_1_396' title='bbox 1960 5459 1989 5496; x_wconf 82' lang='lat' dir='ltr'>n.</span> <span class='ocrx_word' id='word_1_397' title='bbox 1999 5441 2027 5496; x_wconf 81' lang='lat' dir='ltr'>l.</span> 
     </span>
     <span class='ocr_line' id='line_1_45' title="bbox 374 5521 1769 5600; baseline -0.004 -18"><span class='ocrx_word' id='word_1_398' title='bbox 374 5525 486 5582; x_wconf 77' lang='lat' dir='ltr'>Utiliter</span> <span class='ocrx_word' id='word_1_399' title='bbox 496 5525 685 5594; x_wconf 73' lang='lat' dir='ltr'>seplimts&#39;oau&#39;s</span> <span class='ocrx_word' id='word_1_400' title='bbox 698 5525 886 5580; x_wconf 80' lang='lat' dir='ltr'>terminorum·</span> <span class='ocrx_word' id='word_1_401' title='bbox 900 5541 929 5578; x_wconf 83' lang='lat' dir='ltr'>aa.</span> <span class='ocrx_word' id='word_1_402' title='bbox 942 5521 968 5575; x_wconf 63' lang='grc' dir='ltr'>Β.</span> <span class='ocrx_word' id='word_1_403' title='bbox 1243 5531 1301 5582; x_wconf 80' lang='lat' dir='ltr'>Pro</span> <span class='ocrx_word' id='word_1_404' title='bbox 1314 5527 1409 5600; x_wconf 80' lang='lat' dir='ltr'>officio</span> <span class='ocrx_word' id='word_1_405' title='bbox 1419 5526 1525 5599; x_wconf 74' lang='lat' dir='ltr'>potitae</span> <span class='ocrx_word' id='word_1_406' title='bbox 1539 5527 1685 5582; x_wconf 73' lang='lat' dir='ltr'>tonante.</span> <span class='ocrx_word' id='word_1_407' title='bbox 1699 5541 1728 5578; x_wconf 85' lang='lat' dir='ltr'>a.</span> <span class='ocrx_word' id='word_1_408' title='bbox 1743 5525 1769 5576; x_wconf 86' lang='lat' dir='ltr'>t.</span> 
     </span>
     <span class='ocr_line' id='line_1_46' title="bbox 369 5608 1546 5684; baseline -0.003 -17"><span class='ocrx_word' id='word_1_409' title='bbox 369 5608 759 5684; x_wconf 57' lang='lat' dir='ltr'>contraconicensis.</span> <span class='ocrx_word' id='word_1_410' title='bbox 774 5611 800 5662; x_wconf 82' lang='grc'>3.</span> <span class='ocrx_word' id='word_1_411' title='bbox 1241 5610 1546 5668; x_wconf 55' lang='lat' dir='ltr'>&amp;inhonoratorum</span> 
     </span>
     <span class='ocr_line' id='line_1_47' title="bbox 370 5689 1703 5768; baseline -0.002 -21"><span class='ocrx_word' id='word_1_412' title='bbox 370 5699 393 5758; x_wconf 77' lang='grc' dir='ltr'>ς.</span> <span class='ocrx_word' id='word_1_413' title='bbox 406 5695 447 5748; x_wconf 86' lang='lat'>11.</span> <span class='ocrx_word' id='word_1_414' title='bbox 460 5693 646 5750; x_wconf 64' lang='lat' dir='ltr'>tammonis</span> <span class='ocrx_word' id='word_1_415' title='bbox 657 5695 821 5764; x_wconf 73' lang='lat' dir='ltr'>uocabulum</span> <span class='ocrx_word' id='word_1_416' title='bbox 835 5691 904 5748; x_wconf 84' lang='lat' dir='ltr'>unda</span> <span class='ocrx_word' id='word_1_417' title='bbox 916 5689 1069 5745; x_wconf 77' lang='lat' dir='ltr'>der-iretur?</span> <span class='ocrx_word' id='word_1_418' title='bbox 1081 5709 1110 5744; x_wconf 81' lang='lat' dir='ltr'>a.</span> <span class='ocrx_word' id='word_1_419' title='bbox 1123 5693 1150 5744; x_wconf 90' lang='lat'>1.</span> <span class='ocrx_word' id='word_1_420' title='bbox 1246 5695 1305 5750; x_wconf 79' lang='lat' dir='ltr'>Pro</span> <span class='ocrx_word' id='word_1_421' title='bbox 1317 5691 1464 5768; x_wconf 69' lang='grc' dir='ltr'><strong><em>φωωαιὶο</em></strong></span> <span class='ocrx_word' id='word_1_422' title='bbox 1477 5695 1533 5750; x_wconf 80' lang='lat' dir='ltr'>aire</span> <span class='ocrx_word' id='word_1_423' title='bbox 1544 5691 1623 5750; x_wconf 79' lang='lat' dir='ltr'>ludit</span> <span class='ocrx_word' id='word_1_424' title='bbox 1636 5709 1664 5746; x_wconf 82' lang='lat' dir='ltr'>a.</span> <span class='ocrx_word' id='word_1_425' title='bbox 1676 5691 1703 5744; x_wconf 85' lang='grc'>’1.</span> 
     </span>
    </p>
   </div>
   <div class='ocr_carea' id='block_1_15' title="bbox 0 0 2262 6208">
    <p class='ocr_par' dir='ltr' id='par_1_16' title="bbox 0 0 2262 6208">
     <span class='ocr_line' id='line_1_48' title="bbox 0 0 2262 6208; baseline 0 0"><span class='ocrx_word' id='word_1_426' title='bbox 0 0 2262 6208; x_wconf 95' lang='lat' dir='ltr'> </span> 
     </span>
    </p>
   </div>
  </div>
 </body>
</html>
