4436 6222
245 341 297 394 iet

87 427 92 437 ³
189 457 249 494 nem
269 445 401 498 nostrum,
419 434 542 486 iectorem
555 431 650 484 iterum
662 429 811 500 ebiegrutus
824 429 858 481 sd
872 424 1000 480 Geriurd.

186 525 299 576 rir'seurr.
309 524 342 574 de
353 537 466 591 coprem.
478 520 507 570 in
520 520 614 587 imper.
623 515 683 587 ind.
700 517 753 568 iiu-
770 513 880 569 iirurit.
897 512 999 566 dissert.

186 607 219 661 de
225 608 285 679 juri.
298 605 352 658 cui.

736 301 741 306 ’
813 329 861 384 uc
880 327 973 384 totto
992 323 1244 382 successurus.

1762 329 1777 382 i

1049 423 1136 493 gimos
1154 439 1231 492 sopm
1250 441 1277 476 n.
1292 421 1316 472 d·
1330 421 1471 494 eidemque
1483 427 1532 492 jem
1547 421 1754 494 insequentibus
1777 333 1871 488 diune

1050 507 1251 570 exhibebimus,
1271 509 1308 560 its
1327 517 1428 571 temen,
1446 519 1475 560 ιιι
1502 509 1583 578 magis
1603 526 1650 577 per
1667 517 1867 586 compendium,

1049 611 1126 662 qoam
1146 593 1223 662 piens
1241 608 1319 643 ιιιιιιιι
1337 593 1428 646 eedem
1449 593 1531 646 simus
1549 591 1707 648 exhibituri.

133 695 170 745 tt
225 687 391 745 Particularia
410 685 506 756 judicis
525 682 593 756 quoti
612 681 723 748 ettiuet,
743 681 789 734 iiie
807 695 840 734 er
858 675 1001 752 perteteti·
1106 685 1109 692 ·

856 830 1104 908 CAPUT
1151 827 1204 894 iic

831 1011 883 1078 Dc
894 1011 985 1098 foro
1008 1001 1234 1092 imperatoris.

419 1197 763 1257 Summum.

1053 1184 1179 1238 irtionem
1193 1197 1260 1244 esse,
1272 1197 1338 1252 quse
1350 1180 1419 1234 nihil
1430 1191 1524 1252 potum:
1543 1181 1587 1236 sed
1606 1185 1813 1257 prreeupposito,
1829 1185 1866 1241 its

1051 1285 1122 1331 esse,
1142 1268 1179 1318 uti
1195 1269 1228 1317 de
1247 1265 1327 1318 reteri
1341 1265 1527 1320 consuetudine
1544 1269 1667 1335 jectrtum
1682 1267 1747 1336 iuit,
1762 1273 1867 1324 modum

185 1375 260 1428 Foro
272 1373 423 1442 singularia
437 1389 493 1424 nort
504 1368 624 1436 pudiicce
642 1374 761 1432 tuntnm,
780 1361 827 1416 scd
842 1371 869 1413 et
880 1357 1002 1430 prinntne
1050 1354 1141 1405 saitem
1160 1350 1236 1402 rddrt
1254 1361 1281 1403 et
1298 1351 1392 1402 iocum.

219 1475 352 1525 personne
364 1455 524 1508 sarriuntur.
538 1472 565 1503 rr.
580 1455 603 1505 1.

186 1541 364 1613 imperatoris
374 1540 460 1608 judee
473 1550 498 1590 er
511 1551 600 1590 comes
610 1531 760 1603 palatinus.
771 1545 798 1580 n.
813 1527 839 1578 2.

185 1622 377 1692 despondetur
388 1622 425 1677 ed
438 1619 583 1674 contrnrr'o.
595 1637 621 1671 rs.
633 1619 658 1670 u.

182 1709 245 1762 Non
258 1725 319 1760 oero
330 1707 423 1768 Suco,
437 1723 465 1756 rr.
481 1703 505 1757 i.

182 1794 275 1864 Neque
292 1791 430 1859 pontifice,
443 1807 470 1841 rr.
483 1789 509 1839 ii.

186 1876 270 1946 Origo
284 1875 362 1948 liujus
370 1871 480 1945 judicii.
493 1887 520 1921 n.
532 1869 558 1920 d.

181 1959 292 2012 Censoe
303 1957 337 2010 ob
349 1972 417 2026 precs
427 1953 576 2024 imperitior
598 1944 743 2003 conveniri
753 1943 838 2013 possit
848 1957 936 1994 eornm
947 1959 996 2007 pc·

214 2042 311 2093 ictr'no.
325 2059 353 2090 rs.
366 2040 393 2090 t.

179 2130 226 2178 An
241 2127 278 2178 ob
291 2119 460 2176 criminales?
474 2141 501 2174 rs.
514 2123 541 2174 8.

182 2215 228 2265 An
247 2211 416 2282 obseudcier
427 2209 442 2261 i
455 2227 481 2260 rr.
495 2209 521 2258 9.

181 2303 228 2350 An
246 2297 274 2348 in
290 2294 377 2347 cnissis
390 2289 584 2356 depositionis?
595 2307 621 2339 n.
637 2287 682 2339 iii.

184 2380 257 2448 Quid
265 2379 294 2432 in
309 2379 398 2431 cnissis
412 2373 645 2448 appelletit'otttrm?
657 2389 683 2424 rt.
697 2373 741 2422 ii.

186 2463 252 2530 Quis·
265 2463 354 2531 judex
367 2458 547 2532 imperatorie,
557 2459 583 2510 ri
593 2473 671 2526 agere
683 2452 764 2508 neiiti
776 2469 801 2504 n.
817 2451 859 2502 12.

179 2545 330 2599 Pcintirsns
343 2544 424 2594 etium
435 2542 521 2609 iude&
533 2543 603 2610 regis
618 2543 822 2602 Romanorum,
835 2551 861 2585 rr·
876 2531 920 2582 13.

183 2629 347 2700 Ouisjrsrieae
366 2626 529 2696 Artgrrrice?
541 2645 568 2678 rr.
583 2625 625 2676 ii.

178 2713 266 2765 locus
279 2715 328 2766 obi
330 2711 466 2785 judicium
478 2719 626 2764 exercetur.
640 2725 665 2760 rr.
680 2707 723 2758 15.

179 2796 323 2864 Qttcestic,
335 2815 371 2848 cn
388 2811 446 2846 mos
456 2797 501 2848 iiie
512 2789 699 2846 conveniendi
706 2789 894 2858 imperatorem
905 2799 994 2836 eornm

208 2878 336 2942 pointino
361 2877 564 2938 imperatoriam
591 2875 760 2944 maiestatem
782 2889 841 2924 non
866 2865 994 2922 minuat?

206 2960 380 3028 proponitur.
391 2977 418 3013 rt.
432 2963 474 3013 16.

140 3133 154 3182 t
175 3077 263 3182 Cum
279 3139 331 3173 non
352 3133 448 3176 tentum
469 3122 588 3192 pubiicee
605 3133 631 3175 et
651 3121 766 3173 iiiostres
785 3129 924 3187 personne:
948 3111 993 3165 sed

172 3217 249 3258 etex
270 3207 377 3276 privatis
396 3207 519 3274 quaedum
542 3205 624 3259 iorum
645 3205 777 3272 singnirre
792 3200 945 3271 qurendoque
966 3195 993 3246 itt

171 3284 316 3344 Germanic
338 3293 496 3354 sortientur,
516 3291 549 3344 de
567 3291 685 3358 utrisque
705 3290 845 3358 seperatim
865 3284 993 3354 egentium

171 3375 226 3426 erit.
247 3373 378 3424 Exordior
397 3384 483 3426 nutem
510 3375 580 3424 circs
609 3387 732 3442 personis
759 3369 890 3440 pubiicns,
922 3366 993 3416 iuter

172 3473 235 3523 ques
256 3473 315 3508 cum
337 3456 437 3524 primns
451 3460 521 3508 iocus
534 3455 659 3506 debentur
673 3455 840 3524 imperatori,
861 3450 893 3502 de
912 3450 994 3520 ipsius

174 3555 274 3606 quoque
295 3537 351 3590 ioro
372 3540 458 3605 primo
476 3539 532 3590 ioco
550 3537 675 3607 quaedum
696 3535 804 3588 notondr
825 3537 909 3586 cenni.

141 3623 158 3674 2
214 3623 386 3692 imperatoris
401 3621 513 3685 iudicem
528 3638 585 3671 esse
595 3621 719 3670 comitem
733 3613 994 3688 pniutimumriumde

172 3707 251 3773 iiquct
273 3719 305 3756 ex
325 3721 409 3756 uitreo
424 3703 496 3754 disiice
510 3715 527 3752 t.
541 3703 566 3754 ii.
580 3699 643 3769 ins
662 3701 697 3753 itr
717 3711 745 3751 ui
758 3703 871 3755 testebris
886 3700 994 3751 immer-

172 3809 227 3839 sum
242 3787 361 3848 dixeris,
375 3805 451 3856 quem
466 3795 535 3838 tunic
549 3789 594 3837 iux
608 3786 697 3852 i'ngici.
712 3781 771 3836 Non
785 3785 878 3836 desunt
894 3793 991 3844 iottten,

173 3874 216 3938 qui
246 3873 297 3921 itoc
321 3872 362 3936 jus
387 3870 504 3938 pnini'tno
530 3867 637 3919 dubium
659 3869 817 3929 re·t«tere,et
836 3885 890 3918 eur.
908 3868 993 3920 huiioe

173 3967 279 4004 sensnm
300 3955 373 4021 piene
392 3954 522 4004 iorertere
540 3952 635 4010 veiint,
663 3967 774 4018 quorum
806 3952 991 4018 entesignmus

173 4047 209 4088 est
229 4033 369 4088 Guttiried
389 4055 445 4088 vnn
465 4035 613 4103 Friedirerg
630 4035 666 4086 im
694 4051 779 4085 neuen
804 4033 991 4087 Cairinirciten

173 4116 280 4170 Modett
290 4118 335 4170 des
349 4119 419 4171 Heii.
434 4123 513 4171 lirim.
527 4117 623 4170 iier'clrs
631 4117 647 4166 i.
658 4118 683 4167 8.
692 4135 718 4168 n.
733 4115 775 4166 87.
786 4133 862 4184 qoem
872 4119 990 4186 sequitur

173 4211 262 4253 sstctor
283 4201 375 4253 iibeiii.
396 4201 428 4252 cie
440 4201 548 4274 justitia
565 4216 694 4253 caesarea
712 4199 848 4263 imperiali
860 4200 931 4251 circo
946 4201 989 4254 de-

172 4283 349 4340 clarationem
368 4286 456 4338 donni
467 4295 562 4338 contro
577 4283 700 4336 coruitern
712 4283 861 4348 palatinum
880 4301 988 4354 propos.

177 4373 218 4422 te.
235 4391 265 4439 p.
285 4371 327 4422 titt.
345 4380 370 4425 ei
393 4389 463 4440 reyp.
489 4369 684 4430 Fundamenta,
711 4367 805 4437 quibus
831 4371 987 4422 sententium

173 4471 243 4506 surm
264 4453 436 4505 corroborare
459 4467 599 4513 conentur,
625 4452 755 4505 adducunt
780 4453 914 4521 sequentia
939 4453 989 4525 (i.)

173 4539 241 4608 qnod
260 4539 361 4591 nuiium
385 4548 471 4592 tuutne
501 4537 691 4608 praerogatione
721 4537 857 4604 vestigium
887 4551 989 4606 praeter

174 4625 281 4676 unicum
304 4623 400 4676 ilberti
420 4625 567 4692 exemplum
586 4630 719 4682 occurret,
744 4621 788 4689 qui
814 4633 900 4675 temen
918 4643 986 4676 scer.

175 4707 242 4760 riom
259 4705 465 4780 contradixerit,
486 4715 512 4756 et
530 4705 670 4772 complices
689 4715 738 4754 tem
758 4705 872 4772 suspecti
894 4705 987 4768 iudicis

177 4787 207 4840 rsi
224 4787 404 4842 obedientiam
424 4787 562 4852 redegerit.
582 4788 667 4838 Serer.
685 4801 737 4836 rer.
757 4797 877 4854 mogunt.
891 4786 908 4837 t.
922 4787 945 4837 5.
959 4789 986 4840 in

175 4872 327 4944 archiepisc.
340 4872 382 4921 ³9,
398 4869 449 4938 (2.)
469 4869 543 4939 Quod
561 4871 581 4921 si
602 4871 653 4922 trie
670 4867 732 4939 quid
746 4887 857 4938 uuquam
870 4871 986 4925 obtinue-

175 4957 226 5021 rit,
247 4972 365 5008 successu
387 4965 472 5004 tomen
494 4954 635 5022 temporis,
656 4962 682 5003 et
705 4952 834 5003 coutrurir
854 4963 976 5006 consuetu

179 5039 242 5093 dine
256 5039 422 5092 oinoierisse.
443 5037 494 5105 (3.)
515 5037 658 5089 ΡιιΙιιιίιιιιιιι
679 5053 735 5088 esse
753 5037 888 5088 russeiium
904 5039 988 5101 ipsius

177 5117 360 5189 imperotoris,
373 5119 488 5188 adeoque
504 5135 556 5172 non
576 5119 705 5182 iudicem,
725 5135 776 5184 erg.
794 5118 811 5169 l.
832 5121 875 5169 te.
890 5117 931 5187 ffi
958 5121 989 5174 rie

178 5207 274 5258 minor.
288 5203 339 5272 (i.)
358 5205 528 5273 imperotores
546 5203 609 5255 oiim
630 5202 698 5254 uitro
719 5216 759 5254 res
772 5218 830 5254 surr
842 5203 931 5256 consiti
945 5225 975 5272 pe

178 5285 258 5343 istinc
275 5289 455 5351 commisisse,
473 5287 541 5354 quod
561 5303 629 5338 nunc
654 5303 702 5355 pm
727 5285 829 5337 riucuio
845 5287 912 5353 iuris
929 5291 978 5342 otte

178 5371 236 5434 geri·
252 5389 303 5425 nort
323 5381 415 5442 potest.
434 5369 466 5423 Et
485 5370 597 5440 denique
615 5371 663 5439 (5.)
683 5369 770 5420 Posito
791 5370 838 5420 hcc
850 5373 988 5434 sententie,

181 5454 257 5508 irisrs
272 5467 331 5509 esse
349 5457 431 5524 ieges,
449 5469 513 5523 quse
531 5453 694 5522 disputentes
711 5451 743 5503 de
760 5453 858 5519 jndicio
877 5454 987 5525 impere-

150 5565 154 5574 ·
182 5537 246 5591 toris
261 5538 375 5592 erimine
392 5537 523 5606 rscriiegii
543 5545 675 5591 notemur.
694 5535 711 5586 i.
731 5538 756 5584 1.
775 5535 843 5587 ode
854 5539 928 5591 crim.
941 5556 984 5594 rc·

181 5621 237 5674 orii.
253 5621 293 5674 Ne
318 5639 377 5676 rero
395 5621 430 5674 iis
447 5622 535 5674 obstet
552 5629 636 5674 textus
654 5638 677 5671 e.
698 5619 796 5678 buiire,
816 5621 986 5689 respondent,

183 5718 241 5758 eum
253 5723 304 5761 coc
322 5706 490 5772 sanctionem
509 5706 557 5758 sed
569 5703 732 5760 solummodo
743 5705 932 5759 eooneirtisem
946 5723 987 5760 re-

1086 1441 1183 1489 verum
1212 1433 1274 1487 inec
1295 1435 1360 1486 tenti
1380 1449 1433 1486 non
1452 1443 1527 1496 sunt,
1547 1445 1576 1488 ιιι
1594 1449 1699 1491 nostroe
1717 1441 1863 1494 sententiae
1883 1445 1900 1496 ³

1049 1523 1188 1591 quicquum
1217 1519 1370 1580 detrahente
1402 1519 1467 1571 iicet
1498 1520 1569 1571 enim
1595 1519 1680 1590 (qumi
1699 1522 1731 1574 ed
1750 1523 1865 1592 primum

1048 1607 1220 1674 objectionem
1240 1603 1401 1671 regerimus)
1432 1619 1483 1653 non
1510 1614 1601 1655 extent
1629 1607 1748 1676 exempie
1774 1623 1865 1676 roegtro

1049 1709 1171 1754 numero,
1189 1691 1295 1741 unicum
1317 1696 1402 1738 lernen
1416 1683 1517 1739 Atheni
1535 1688 1702 1754 imperatoris
1714 1690 1805 1742 saitem
1821 1708 1867 1744 oc·

1048 1793 1157 1828 currere
1174 1770 1280 1829 recitati
1300 1769 1441 1822 historicae
1458 1766 1528 1822 hesed
1547 1771 1684 1838 congruit,
1703 1789 1762 1824 cum
1775 1783 1798 1826 et
1810 1772 1868 1826 Fri·

992 1879 996 1895 ι
1048 1859 1166 1912 dericum
1188 1855 1343 1910 cusiriacum
1365 1853 1430 1922 imp.
1450 1853 1498 1905 hoc
1515 1853 1643 1920 judicium
1670 1854 1805 1923 sgnosisre
1828 1857 1869 1907 ‹ii-

1047 1959 1149 1995 scrmos
1166 1959 1199 1996 er
1216 1937 1354 1994 Gerherdc
1371 1936 1405 1988 de
1422 1937 1488 1999 noo,
1506 1939 1550 2005 qui
1565 1933 1610 1990 iii.
1624 1936 1652 1992 ii.
1663 1937 1724 1990 irist.
1737 1943 1866 1993 austriae.

1044 2043 1073 2090 p.
1094 2025 1154 2076 tet.
1174 2033 1271 2082 nerent,
1289 2020 1389 2072 dictum
1409 2018 1596 2087 imperatorem
1616 2019 1753 2089 pririiegir
1770 2021 1865 2074 iieire·

1047 2107 1141 2160 tiorum
1162 2119 1216 2159 retr
1234 2105 1330 2157 hebere
1348 2101 1482 2162 ooiuisse,
1501 2101 1546 2152 sed
1566 2119 1668 2154 crusrm
1687 2112 1733 2156 rut
1750 2105 1864 2157 erisittis

1046 2191 1237 2252 decidendum,
1256 2197 1300 2240 rut
1325 2203 1411 2238 ccccm
1430 2183 1565 2255 praefecto
1592 2186 1717 2256 praetorii
1737 2187 1864 2252 rhenrni,

1045 2274 1089 2326 nisi
1109 2291 1200 2326 omnes
1212 2273 1379 2342 impensioris
1398 2285 1488 2322 crtrsre
1506 2280 1688 2324 controversie
1712 2271 1799 2323 decidi
1820 2289 1862 2324 so·

1046 2361 1121 2421 iernt,
1140 2359 1299 2411 tremendum
1318 2354 1496 2423 respondisse.
1513 2353 1547 2406 Et
1565 2355 1684 2423 quemvis
1705 2354 1776 2407 intre
1793 2372 1867 2408 secu-

1045 2442 1097 2498 ium
1117 2445 1203 2496 nniius
1220 2441 1358 2493 emerserit
1374 2456 1468 2501 cesos,
1486 2455 1538 2507 quo
1557 2439 1597 2505 jus
1617 2439 1732 2508 psirtioc
1751 2455 1862 2508 compe-

1046 2540 1104 2584 tens
1115 2529 1241 2597 explicari
1262 2527 1387 2596 potnerit,
1398 2524 1496 2576 eximie
1515 2535 1600 2576 temen
1615 2523 1726 2575 minime
1745 2523 1862 2578 inferen-

1045 2617 1189 2680 dum,itrrtc
1201 2613 1415 2667 consuetudinem
1429 2609 1548 2674 desiisse,
1561 2609 1732 2680 privilegium
1747 2627 1863 2680 nemque

1045 2717 1096 2751 non
1110 2700 1240 2751 emittitur
1253 2714 1304 2749 non
1319 2713 1366 2747 usn
1389 2695 1411 2746 si
1426 2711 1558 2762 nunquam
1579 2690 1629 2744 init
1643 2691 1731 2744 utendi
1743 2693 1858 2746 occasio.

1042 2785 1113 2837 Gaii.
1125 2785 1149 2835 2.
1162 2803 1187 2837 o.
1200 2783 1244 2835 60.
1258 2801 1285 2832 ιι.
1300 2782 1325 2831 2.
1335 2797 1385 2850 qne
1400 2778 1569 2848 responsione
1583 2779 1662 2830 etiem
1678 2779 1779 2830 corruit
1790 2777 1863 2844 obje-

1043 2867 1227 2919 ctiosecunrin.
1241 2865 1327 2918 Tertia
1349 2865 1391 2914 rix
1417 2863 1616 2932 responsionem
1637 2871 1771 2926 meretur,
1794 2863 1860 2932 quid

1044 2952 1113 3003 enim
1131 2951 1339 3020 spertitss‚quam
1353 2947 1421 3016 quod
1438 2950 1518 3014 major
1532 2946 1610 2996 etiem
1626 2946 1738 2998 minoris
1752 2947 1863 3012 iurisdi.

949 3089 952 3096 ,
1042 3035 1123 3088 otioni
1144 3053 1170 3086 se
1188 3033 1316 3100 subjicere
1335 3033 1352 3083 i.
1371 3029 1456 3097 iiff·
1469 3030 1492 3082 d.
1509 3029 1603 3098 inrisui.
1622 3039 1649 3081 et
1672 3031 1794 3083 resseiius
1812 3031 1858 3082 do·

1044 3117 1110 3168 mini
1131 3116 1223 3168 directi
1234 3117 1314 3184 judex
1327 3131 1382 3166 esse
1396 3113 1487 3182 possit.
1501 3113 1525 3163 2.
1535 3109 1566 3179 s
1584 3113 1627 3163 53.
1646 3111 1676 3167 Et
1692 3114 1811 3181 quomris
1832 3118 1860 3168 in

1042 3211 1133 3268 quarte
1145 3200 1287 3268 objectione
1303 3200 1350 3250 hoc
1364 3199 1463 3259 demus,
1474 3197 1704 3266 qnod-imperetur
1715 3199 1785 3250 utteo
1801 3217 1861 3250 ertit·

1043 3303 1083 3338 res
1101 3301 1161 3338 suns
1179 3283 1343 3337 commiserit
1356 3284 1479 3348 pristino,
1500 3280 1527 3332 id
1547 3293 1631 3332 tamen
1652 3291 1738 3350 poster
1765 3281 1795 3333 itt
1820 3301 1864 3335 ne-

1042 3370 1185 3422 cessitatem
1206 3368 1318 3429 transiit,
1333 3367 1485 3435 preesertim
1497 3382 1556 3416 cnm
1571 3383 1616 3432 per
1639 3383 1663 3416 a.
1683 3363 1778 3419 buiiem
1798 3367 1860 3419 imre

1042 3451 1202 3504 consuetudo
1214 3452 1248 3503 sit
1260 3448 1422 3504 confirmem.
1434 3449 1523 3520 Neque
1535 3447 1701 3518 refragentur
1722 3461 1808 3504 textus
1817 3455 1861 3520 ju·

1042 3535 1295 3606 risciriiis,quiims
1320 3535 1484 3603 disputantes
1511 3533 1542 3588 de
1566 3533 1674 3602 judiciis
1691 3536 1858 3604 imperatoris

1042 3621 1171 3690 secriiegii
1185 3619 1297 3672 crimine
1310 3628 1441 3670 notentur.
1456 3619 1562 3670 Dirersn
1576 3617 1646 3669 enim
1668 3619 1856 3688 penituerunt,

1041 3703 1156 3772 judicem
1171 3719 1226 3754 esec
1239 3703 1407 3770 imperatoris
1419 3718 1451 3752 ex
1464 3711 1604 3770 spontanea
1618 3703 1673 3768 ejus
1683 3702 1858 3772 subjectione,

1041 3799 1063 3840 et
1078 3787 1108 3837 sie
1120 3785 1217 3854 jndicio
1231 3783 1398 3852 imperatoris
1411 3783 1551 3853 dispuisre.
1567 3783 1632 3836 titud
1645 3785 1787 3839 ridiculum
1801 3801 1859 3852 est,

1040 3869 1106 3938 qtrod
1125 3876 1246 3935 ceperunt
1263 3866 1327 3917 dicti
1342 3876 1469 3928 suctores,
1485 3876 1585 3920 textum
1600 3887 1623 3921 ι.
1636 3869 1721 3922 buiice
1734 3889 1785 3925 noo
1800 3891 1858 3926 sert·

1038 3953 1167 4012 ottonom
1199 3949 1243 4002 sed
1272 3949 1463 4004 enuncietirum
1489 3959 1588 4004 tentum
1620 3953 1773 4006 relationem
1793 3974 1857 4012 esse.

1039 4035 1108 4106 Quid
1126 4035 1198 4087 enim
1218 4033 1364 4096 rbsurditts,
1382 4052 1459 4104 antn
1475 4033 1570 4104 absque
1584 4037 1697 4104 sttbjeoto
1713 4038 1859 4096 recidentin

1037 4121 1181 4186 concipere.
1201 4119 1254 4172 sid.
1274 4117 1359 4172 Limu.
1371 4119 1430 4190 jur.
1440 4119 1514 4188 pubi.
1526 4119 1543 4171 i.
1559 4121 1584 4171 3.
1597 4137 1619 4172 c.
1633 4122 1659 4171 9.
1671 4117 1695 4192 ξ.
1707 4121 1732 4172 ii·
1748 4123 1858 4178 Schutc.

1037 4206 1071 4258 de
1082 4213 1145 4256 rtet.
1157 4205 1198 4256 rei
1209 4221 1274 4255 rom.
1287 4220 1315 4254 v.
1330 4205 1355 4254 1.
1370 4221 1413 4254 ec.
1428 4204 1454 4254 ’1.
1464 4203 1501 4253 et.
1515 4203 1557 4254 21.
1570 4203 1610 4257 tn.
1629 4222 1652 4257 c.

1072 4287 1204 4355 Competit
1223 4287 1271 4338 itoc
1290 4288 1331 4352 jus
1350 4286 1397 4338 soii
1412 4285 1540 4354 pristino,
1554 4286 1649 4357 sdruqz
1661 4285 1794 4344 Bodinum
1813 4293 1858 4344 ttb.
1880 4297 1894 4350 i

1038 4373 1061 4426 2.
1076 4371 1108 4424 (ie
1126 4389 1181 4440 rep.
1193 4389 1216 4423 c.
1229 4371 1253 4422 u.
1268 4389 1293 4422 rr.
1314 4369 1375 4421 221.
1389 4370 1523 4440 imperitia
1543 4387 1628 4424 rerum
1648 4377 1853 4442 pertunuiccrom

1036 4458 1135 4526 inpsum
1154 4473 1211 4507 esse
1230 4453 1338 4516 dicunt,
1356 4455 1459 4522 qurudo
1486 4455 1613 4507 Senoniae
1640 4458 1776 4510 electorem
1795 4479 1854 4516 cum

1038 4541 1154 4606 pristino
1172 4553 1324 4589 conumrere
1342 4537 1452 4600 scribit,
1471 4547 1497 4588 et
1507 4539 1626 4606 qncmris
1641 4539 1723 4594 Limn.
1735 4541 1794 4610 jor.
1806 4565 1857 4615 pu.

1038 4624 1065 4675 hi
1084 4623 1100 4675 i.
1115 4625 1171 4674 3.c.
1184 4622 1210 4671 tt.
1223 4638 1248 4671 o.
1262 4621 1307 4671 23.
1328 4621 1444 4687 ejusdcm
1464 4621 1561 4674 erroris
1580 4621 1713 4676 Bodionm
1734 4641 1855 4694 scettset,

1037 4705 1156 4758 eumdem
1170 4717 1255 4757 tumen
1275 4703 1368 4756 iterum
1388 4701 1506 4754 defundit
1526 4705 1554 4756 in
1574 4704 1675 4758 observ.
1699 4707 1739 4760 tt.
1753 4711 1858 4778 adcop.

1037 4789 1062 4841 tt,
1079 4787 1101 4850 §.
1114 4789 1139 4840 3,
1151 4806 1175 4839 ιι.
1191 4785 1279 4840 boiiue
1296 4785 1358 4836 dum
1376 4785 1509 4856 cit,qood
1524 4787 1580 4858 ipse
1601 4787 1716 4842 Rudinus
1737 4795 1784 4844 icoc
1803 4813 1856 4849 non

1036 4880 1148 4928 esset-rte
1167 4867 1210 4920 sed
1223 4869 1315 4921 iiteres
1328 4869 1435 4922 citerius
1446 4869 1576 4936 cuiusdam
1592 4869 1721 4942 principis
1737 4875 1768 4926 ed
1785 4877 1857 4928 iien.

1038 4951 1120 5003 simun
1134 4951 1167 5003 ii.
1185 4951 1288 5004 Guiiiue
1307 4969 1393 5020 regem
1414 4952 1461 5004 too
1486 4951 1518 5004 de
1538 4972 1564 5006 re
1583 4955 1738 5008 scribentem
1755 4951 1854 5014 tentum

1039 5035 1143 5089 reseret.
1162 5036 1213 5092 Sed
1227 5054 1313 5089 ennon
1327 5036 1445 5106 pontiier
1464 5037 1543 5104 judex
1558 5037 1727 5106 imperatoris
1744 5041 1804 5094 est?
1819 5045 1856 5096 its
1876 5051 1892 5100 5

1037 5119 1142 5187 nitidem
1161 5121 1194 5172 de
1212 5137 1240 5172 ee
1258 5121 1358 5188 jectitri
1375 5137 1437 5184 cop.
1459 5121 1484 5170 2.
1503 5119 1536 5172 tie
1548 5121 1640 5190 rejud.
1653 5123 1680 5177 t'rs
1694 5125 1716 5176 d.
1729 5142 1750 5177 c.
1765 5125 1806 5178 sii.
1821 5129 1855 5180 Χ.

1038 5207 1071 5259 de
1082 5207 1153 5259 eiect.
1167 5207 1266 5257 Verum
1285 5223 1337 5257 nou
1352 5205 1493 5274 recipimus
1505 5207 1670 5272 testimonie,
1683 5228 1793 5276 qtsorum
1810 5231 1855 5262 cu·

1037 5301 1118 5342 etores
1135 5287 1308 5349 «temnuntur,
1327 5299 1351 5341 ut
1372 5287 1398 5338 in
1418 5287 1499 5340 simiii
1520 5291 1635 5359 loquitur
1654 5294 1711 5360 ipse
1731 5295 1855 5362 pontifex

1038 5373 1065 5424 in
1079 5389 1131 5436 cup.
1146 5370 1172 5423 i.
1185 5371 1217 5422 Χ.
1232 5371 1263 5422 rie
1278 5373 1374 5423 imcret.
1388 5389 1447 5438 cop.
1461 5371 1504 5422 i'i.
1515 5373 1547 5424 de
1557 5382 1616 5424 tert.

1072 5455 1173 5508 tottett
1189 5453 1263 5519 hujus
1276 5455 1405 5520 originem
1433 5457 1502 5507 rrrie
1526 5455 1663 5525 inquirunt
1676 5453 1721 5506 dd.
1733 5453 1852 5510 Goidrst.
1873 5472 1890 5522 ο

1037 5539 1064 5590 in
1078 5537 1207 5592 rctr'onni.
1220 5547 1303 5588 const.
1316 5537 1378 5606 imp.
1387 5557 1414 5606 p.
1427 5538 1470 5590 99.
1483 5539 1617 5590 coturnuni
1637 5538 1788 5610 principum
1811 5563 1854 5595 ro·

1038 5621 1136 5671 iontrte
1149 5619 1198 5670 hoc
1213 5637 1304 5672 munus
1316 5619 1457 5691 iiudoipito
1470 5640 1492 5674 c.
1505 5641 1528 5692 p.
1544 5623 1629 5676 ttheot
1644 5623 1761 5694 primum
1778 5627 1855 5680 coiis-

1039 5716 1093 5758 tum
1112 5720 1168 5756 esse
1185 5703 1238 5770 eit,
1257 5719 1289 5756 ex
1308 5704 1402 5760 Chron.
1433 5705 1528 5778 Georg¹
1560 5709 1647 5761 iiten.
1674 5705 1764 5762 Noriit.
1782 5713 1854 5782 eujus
