4352 6178
171 279 203 335 ll
545 269 594 324 DE
610 271 861 330 tnrttttrtottlt
878 273 981 328 tncrt
1002 267 1121 328 lilENl
1137 269 1176 326 tt
1195 269 1357 328 nnttctts
1704 271 1739 326 dd

131 381 162 432 ti.
171 373 215 441 (2)
226 377 255 425 ut
267 375 351 424 ratum
365 365 465 422 babens
477 359 590 422 cattini
603 367 652 420 lroe
665 378 796 437 tamquam
810 387 858 423 sno
876 387 922 424 uo·

129 461 183 516 nine
194 465 303 528 gestiam,
315 452 347 504 de
358 469 411 523 quo
421 449 542 520 plnsilsus
554 447 606 502 sid.
620 448 730 517 megnll.
748 451 795 502 du.
814 451 921 505 liemld.

125 544 229 600 letricus
240 535 440 591 honeratiss.tr.
457 531 490 588 tle
504 529 633 604 rutt'fient.
650 542 722 599 pert.
738 543 836 600 poster.
853 553 877 588 r.
896 538 921 588 3.

87 624 204 694 quirin.
214 621 247 673 de
257 619 369 689 obligat.
383 634 422 670 ess
431 616 517 670 delict.
531 633 557 668 e.
572 616 598 668 8.
608 633 635 682 p.
650 615 710 666 377.
724 614 758 667 Et
771 631 802 669 es
815 634 846 669 eu
859 634 922 688 quu-

121 725 160 778 que
171 705 308 778 principio,
321 701 379 755 scil·
391 699 460 771 qnod
473 715 519 771 per
528 698 746 770 approbationem
759 698 923 755 delicticon·

121 793 225 844 trabatur
233 799 330 852 reatus,
337 787 404 840 illud
417 801 523 856 quoque
535 782 713 838 introductum
726 784 839 848 rideturr
852 788 923 857 qnod

122 889 142 930 et
157 886 326 947 receptatores
351 872 564 942 delinquentium
582 867 673 922 eadem
688 869 822 923 interdurn
842 891 922 943 ροοηι

120 949 261 1024 eliciantur,
274 955 416 1028 dequibus
435 955 473 1010 ita
491 953 641 1006 Marcianus
651 953 680 1008 in
695 952 713 1005 l·
725 956 752 1005 1.
760 951 795 1023 ᾗ
806 953 838 1007 de
855 972 925 1012 reee-

120 1058 208 1116 psetor.
221 1047 373 1100 Pessimum
385 1057 472 1112 peren
484 1049 525 1095 est
535 1048 742 1110 reoeptutnrnee,
761 1041 820 1093 siue
830 1042 926 1112 quidus

121 1147 191 1184 seno
202 1129 284 1182 latere
296 1125 344 1180 din
364 1132 461 1197 potest.
474 1126 513 1180 Bt
521 1125 694 1194 pmeeipitur,
711 1134 740 1178 ut
748 1123 859 1193 perinde
875 1145 925 1197 pn.

121 1213 237 1276 riuum,
251 1222 333 1284 utque
345 1210 477 1262 lutroner·
488 1209 522 1260 In
533 1207 599 1276 peri
608 1222 695 1263 minu
706 1207 827 1262 leniendi
841 1221 924 1283 sunt,

120 1298 175 1368 qaia
187 1314 244 1350 rem
253 1293 456 1368 apprehendere
466 1291 586 1346 nerano
598 1301 713 1358 ponent,
722 1293 838 1363 pecunie
850 1315 926 1353 uere·

120 1393 175 1452 pru,
196 1381 240 1435 nel
248 1389 433 1444 surreptorum
444 1385 526 1443 parre
537 1375 706 1429 dimiserunt.
719 1376 799 1429 Unde
813 1378 925 1448 Quinti.

122 1465 198 1516 lienus
208 1461 344 1516 dedemus.
355 1459 417 1512 stt.
431 1457 587 1528 Tmusluqis
599 1458 737 1529 proximos
751 1460 828 1527 dicit,
841 1469 924 1538 aqut.

121 1546 164 1600 bns
176 1543 319 1615 transfugae
330 1543 503 1615 recipiuntnre
517 1539 566 1596 hoe
579 1542 652 1596 euim
665 1555 757 1598 natura
771 1548 861 1606 simile
878 1571 928 1626 est,

121 1627 199 1684 iacere
209 1631 288 1686 scelus
299 1639 325 1684 et
334 1631 456 1701 probate.
469 1625 544 1681 Patr.
554 1627 648 1684 Faber.
659 1626 699 1683 ud
709 1630 733 1684 d.
748 1631 767 1684 l.
782 1634 843 1692 132.
860 1641 883 1707 ς,
899 1645 924 1695 1,

120 1713 207 1785 infin.

76 1819 107 1872 qq
154 1802 246 1852 Verum
263 1796 390 1870 quidquid
409 1796 488 1866 buius
500 1794 539 1850 rei
551 1795 594 1862 sit,
609 1797 766 1858 ratihabeuti
781 1803 833 1874 (de
852 1827 923 1866 rm.

123 1885 255 1956 ptaturibns
268 1884 375 1956 postea)
389 1901 439 1936 nou
451 1882 560 1936 ulterius
578 1883 763 1954 imputandum
783 1907 840 1946 esse
858 1896 924 1949 deli·

35 1983 36 2004 *
122 1980 184 2022 nun
196 1969 292 2040 penitus
303 1975 512 2021 consummatum
526 1977 599 2036 puto,
614 1985 692 2036 quem
704 1975 925 2040 quoadintcreare

122 2052 200 2116 risile,
212 2055 247 2106 rel
261 2053 368 2106 tandem
381 2052 415 2104 ad
428 2052 509 2105 lesem
522 2052 637 2120 aliqum
656 2069 766 2124 poenam
780 2061 924 2115 extraordi-

122 2138 223 2204 nariam
236 2139 304 2194 ratio
317 2139 396 2206 liujus
406 2136 487 2191 derisi
500 2138 529 2190 in
542 2155 573 2192 eo
585 2140 720 2206 consistit,
732 2143 793 2213 quia
806 2145 840 2198 ed
859 2147 925 2202 deli.

120 2223 153 2276 eti
176 2223 374 2292 instigationem
399 2224 440 2278 rel
461 2224 716 2278 consummationem
733 2228 838 2297 penitus
856 2235 926 2288 nititt

117 2305 209 2362 oeten
221 2302 373 2372 ratificans3
394 2305 450 2362 sire
466 2308 538 2360 euim
554 2308 599 2360 ille
611 2308 662 2362 rati
680 2309 792 2378 babeat,
810 2315 846 2371 du
864 2318 928 2372 lere

120 2393 186 2448 nell
198 2393 313 2462 getbuu,
337 2393 402 2448 dues
419 2389 456 2446 du
475 2395 665 2464 Sempronium
684 2397 854 2470 erselluqen,
872 2405 926 2456 sive

117 2483 201 2530 eontra
213 2476 296 2540 dieat,
319 2477 355 2532 dn
377 2477 440 2532 ltust
454 2475 540 2532 daron
563 2479 627 2531 esdr
646 2479 708 2532 utet
725 2471 843 2552 gertrud,
857 2485 926 2541 nibil

77 2569 107 2620 ta
122 2569 296 2614 mauranatn
306 2559 399 2614 sceleri
410 2559 518 2615 additur
529 2561 570 2616 rel
582 2562 736 2618 detrahitur.
749 2567 827 2620 Unde
834 2584 924 2640 qnam·

116 2646 154 2698 sia
165 2647 297 2702 existimet
306 2645 395 2700 Carer-
404 2665 446 2718 pr.
458 2647 532 2702 erim.
544 2659 582 2702 n·-
601 2651 626 2702 3.
648 2647 682 2704 de
699 2651 827 2708 nomine
840 2657 863 2723 ς
880 2673 925 2712 se·

118 2730 243 2802 ,otton
254 2732 460 2786 rutumlubeute
471 2750 498 2785 u.
517 2736 562 2788 11.
575 2749 647 2805 seqq.
659 2737 747 2803 eujus,
772 2746 802 2790 rt
818 2749 845 2793 et
862 2743 926 2796 etiu-

116 2831 172 2869 rum
183 2817 342 2871 sententiam
355 2815 463 2870 adducit
473 2817 593 2871 laudetua
606 2817 651 2872 dn.
666 2819 818 2875 Heroidtr.
831 2823 864 2876 de
882 2843 927 2881 ru·

115 2897 204 2970 refiert.
215 2899 255 2952 ns.
267 2897 302 2954 da
316 2899 439 2954 homicid.
451 2916 478 2952 u.
497 2901 542 2950 ts.
561 2907 678 2954 attamen
692 2912 761 2956 recte
772 2907 806 2960 ad
819 2906 868 2961 ltoc
886 2923 925 2960 re·

114 2982 179 3052 perit
189 2981 283 3038 buton.
298 2984 394 3038 statne
406 2995 440 3036 tr.
450 2982 484 3036 de
495 2983 603 3040 erimin-
613 2987 716 3057 prolep-
731 3007 757 3040 n.
773 2989 814 3044 1t.
828 2995 868 3046 iso
886 2993 925 3046 di·

114 3085 181 3122 eeeac
193 3069 309 3140 rigidior
318 3081 365 3134 ess,
377 3088 438 3126 meo
451 3067 558 3141 quidem
567 3069 681 3140 jndicio,
695 3073 763 3128 duee
774 3081 927 3142 seuteun'ue

120 3171 166 3207 see
175 3152 291 3223 iefiro,
303 3155 353 3208 red
362 3153 390 3206 in
403 3153 508 3224 templis
525 3165 551 3208 et
561 3171 612 3222 pro
625 3159 759 3211 concione
769 3160 926 3218 laudando:

116 3235 330 3309 quandoquidem
343 3241 392 3310 qni
401 3248 491 3294 rutum
503 3237 598 3306 lubet,
619 3257 704 3310 neque
713 3244 770 3314 ipsa
778 3261 828 3302 sun
845 3265 927 3303 monn

117 3321 232 3394 deliquit,
251 3341 337 3392 usque
354 3339 467 3380 contuor
479 3323 575 3380 ruelers'
586 3325 667 3380 datin
679 3329 801 3399 Cumque
815 3332 845 3385 t'n
863 3334 930 3390 deli·

116 3403 312 3470 nispnnieodis
322 3417 455 3476 mutetur
469 3418 591 3478 tempus,
606 3429 660 3480 quo
672 3414 817 3468 nonnose
827 3427 894 3472 runs
909 3421 927 3473 l.

117 3486 182 3557 ιβ.
202 3491 236 3544 de
251 3505 333 3556 nan·
353 3507 387 3546 eo
406 3501 498 3545 nutem
516 3503 635 3562 tempore
655 3493 726 3550 utin
736 3497 876 3555 attinuerit
893 3504 932 3556 ud

116 3573 339 3645 eumanum
353 3585 414 3630 reso
427 3575 529 3642 babuit,
544 3577 706 3648 quofronte
715 3599 832 3648 menum
846 3583 874 3637 ei
890 3585 929 3640 ir·

114 3675 208 3728 meere
217 3657 386 3734 prurirent?
398 3661 501 3731 Regulo
513 3663 668 3734 oerojurir,
682 3682 752 3735 quoe
764 3666 818 3722 uult
829 3669 929 3724 rutilo-

115 3739 240 3798 ditionem
262 3743 297 3794 r'ss
321 3740 464 3812 maleficiis
481 3760 587 3814 qnoque
612 3743 746 3800 mundato
758 3752 915 3819 comparari
921 3796 929 3820 ‚

114 3827 234 3884 mnus
251 3844 318 3882 nero
331 3826 449 3892 ridetur,
465 3837 495 3880 ut
509 3829 663 3896 prennnsrie
679 3832 928 3904 eouoem'riporss't,

116 3912 162 3982 qai
170 3911 337 3984 molqfieiem
348 3913 485 3980 pn'outuus
497 3921 588 3968 rasum
601 3911 703 3980 lubun,
716 3931 774 3970 non
787 3915 870 3972 etium
881 3937 927 3976 ee·

112 3995 399 4051 cuntotmtnutner.
680 4005 688 4014 ‘

71 4085 101 4138 sn
149 4079 351 4152 ttrccpntornn
364 4078 415 4132 alia
428 4077 548 4134 conditio
565 4091 614 4148 este
628 4081 656 4134 tn
667 4081 741 4137 enirn
755 4099 807 4138 uon
826 4094 928 4144 tantum

113 4159 244 4218 ratibuaut
256 4162 428 4218 commissum
440 4166 533 4226 serlus,
545 4165 591 4216 sed
603 4176 630 4218 et
643 4182 731 4222 resera
744 4187 808 4242 oper
825 4189 851 4224 m
863 4171 929 4244 phy-

113 4246 193 4300 sinem
206 4256 352 4316 praestent,
364 4255 394 4300 ut
410 4245 569 4315 delinquens
592 4249 714 4303 menibus
734 4251 850 4318 {iustitiae
868 4258 927 4308 suls-

112 4329 239 4385 lrabatur·
263 4329 301 4382 nt
326 4329 481 4400 plerumque
500 4328 667 4383 commodum
680 4347 714 4384 ex
727 4334 814 4388 aliene
831 4336 928 4390 delicto

112 4425 254 4486 quaerunt,
269 4424 296 4468 et
309 4413 346 4467 ita
358 4414 497 4486 praecipue
515 4411 662 4467 latronibus
685 4415 837 4470 ulteriorem
857 4433 927 4487 qrae-

112 4497 185 4552 sandi
205 4497 370 4554 censionem
383 4496 564 4566 suppeditant,
578 4494 607 4550 ld
625 4497 784 4570 nequidem
804 4499 928 4568 leetusis,

114 4585 164 4636 nisi
177 4591 357 4654 receptatores
367 4591 483 4644 nossent,
495 4594 620 4648 quorsum
633 4597 661 4634 se
673 4581 834 4652 reciperent,
852 4593 929 4655 atque

115 4675 246 4737 surreptas
261 4680 305 4718 res
315 4664 480 4718 occultarent.
490 4664 570 4718 llude
588 4663 638 4716 ltou
648 4680 709 4718 earu
722 4664 755 4719 ad
766 4683 876 4736 poenam
889 4669 928 4721 ul·

73 4759 102 4810 'tn
117 4751 177 4802 timi
194 4748 326 4821 supplicii
338 4746 454 4800 dsseuiri
467 4763 545 4818 posse
556 4746 675 4802 defendit
692 4747 785 4820 nequ.
794 4767 838 4820 pr.
850 4751 928 4806 emm.

115 4853 138 4902 q.
152 4833 212 4886 tet.
226 4853 255 4888 u.
272 4830 315 4884 ll.
327 4831 388 4885 add.
400 4829 490 4884 Fariu.
511 4850 537 4902 q.
558 4831 621 4884 133.
646 4849 675 4884 n.
698 4836 724 4886 1.
735 4843 842 4906 etsepp
860 4835 927 4890 Cum

113 4933 170 4972 rem
181 4919 247 4970 baec
260 4931 344 4987 poena
356 4916 421 4968 satis
440 4915 504 4968 dnra
523 4913 604 4979 loret;
622 4914 646 4967 si
660 4916 731 4968 nulla
743 4917 852 4972 serietas
862 4919 929 4974 deli.

113 5006 148 5058 eti
160 5007 187 5058 in
198 5011 352 5074 raptante
363 5010 508 5066 numerat,
521 4998 630 5071 ideoque
640 5001 929 5074 extraonliuariaepoe-

115 5105 161 5145 uae
173 5091 329 5160 plerumque
343 5086 426 5138 locum
445 5082 561 5148 lmieut,
581 5085 634 5138 uisi
655 5085 778 5139 criminis
789 5087 928 5152 atrocitas,

114 5185 142 5226 ut
153 5175 182 5228 in
193 5171 312 5228 crimina
333 5170 416 5224 lnesee
440 5168 602 5238 majestatis,
625 5170 665 5224 sel
690 5185 778 5224 serere
796 5169 929 5240 principis

114 5260 194 5326 jussio
203 5257 238 5312 de
257 5275 310 5311 nun
322 5253 483 5310 uueultaudis
500 5253 715 5324 delinquentibus
726 5253 774 5307 sub
787 5271 869 5325 poem
886 5271 928 5308 ea·

112 5343 176 5411 pitis
188 5337 372 5412 praecesserit,
388 5336 458 5407 qnod
476 5337 504 5390 in
518 5337 567 5390 bae
579 5337 686 5391 materie
700 5337 781 5408 probe
792 5337 930 5392 attenden-

114 5423 173 5478 tun
192 5434 269 5494 punt
283 5423 379 5476 tuton.
393 5419 491 5474 Mariti.
502 5419 652 5476 deenen.
664 5420 710 5474 tn.
722 5420 811 5490 suff.
821 5421 863 5475 ris.
884 5423 927 5473 to.

73 5511 99 5564 lt
114 5527 167 5577 rap.
186 5509 213 5562 2.
226 5526 257 5559 u.
270 5507 296 5560 2.
307 5505 362 5558 Ubl
374 5503 406 5556 ad
422 5515 521 5568 textus,
534 5505 607 5556 eirea
619 5519 728 5574 poenam
741 5514 929 5576 receptatoruua

115 5595 255 5648 admodum
270 5591 412 5654 sarlautes,
430 5587 577 5660 respondet.
603 5589 794 5660 tnpttntonea
809 5600 839 5644 et
855 5590 928 5644 limi·

114 5680 221 5739 ntiuues
234 5679 313 5748 buius
326 5675 449 5734 materiae
462 5683 580 5731 reesusn
592 5672 711 5732 Furinae.
722 5677 749 5734 d
761 5695 786 5750 q.
800 5677 863 5732 1³³.
869 5678 927 5732 lle·

973 368 1047 422 noch.
1060 366 1093 421 de
1104 386 1130 421 o.
1142 367 1159 420 i.
1172 388 1197 439 q.
1210 367 1254 421 lid.
1274 369 1299 422 2
1314 383 1369 422 eos·
1384 365 1445 424 did.
1458 366 1541 427 Nobis
1556 365 1653 424 exinde
1671 366 1722 420 bue
1738 368 1787 424 ub·
1806 365 1842 418 71

972 467 1087 504 serrasse
1106 447 1224 519 sullicit,
1248 471 1280 507 eo
1299 453 1381 524 magis
1398 457 1438 508 sel
1455 456 1544 509 miuus
1565 452 1717 525 lmputauda
1736 469 1793 507 esse

974 531 1186 605 delinquentium
1210 536 1325 591 facinora
1343 537 1409 608 ipsls
1433 537 1657 610 receptatoribus,
1679 553 1731 608 qno
1750 537 1792 590 sel

971 613 1089 689 simplici
1104 619 1269 690 receptione,
1288 623 1328 674 sel
1341 622 1407 676 lueri
1419 624 1618 686 commuuione,
1630 623 1670 676 rel
1685 621 1793 676 consilli

973 703 1140 772 suggestione
1164 693 1196 754 ad
1216 702 1312 757 delicta
1331 703 1450 776 ipsorum
1466 705 1549 776 napis
1566 707 1608 760 sel
1622 705 1710 760 minus
1728 721 1790 760 eon·

973 801 1090 844 enrruut·
1465 817 1468 824 ⁴
1732 811 1735 818 ·

1010 871 1186 945 Erpcsnimus
1198 873 1330 944 bucusque
1343 890 1432 942 meus,
1451 873 1497 928 ubi
1519 874 1580 948 qels
1605 891 1729 945 expressa
1747 891 1791 930 so·
1810 869 1846 922 '¹³

974 961 1075 1014 luntate
1088 957 1269 1013 concurrendo
1277 960 1356 1012 alieni
1370 959 1460 1013 delicti
1472 959 1673 1032 imputationem
1687 959 1794 1014 meruit.

975 1045 1102 1113 Sequitur
1112 1045 1165 1111 jam
1180 1043 1327 1112 imputetiu.
1336 1061 1403 1116 qnae
1413 1041 1444 1096 lit
1456 1043 1508 1110 illi,
1520 1047 1565 1116 qni
1579 1044 1656 1114 plane
1667 1043 1792 1098 delictum

974 1143 1022 1180 nec
1034 1127 1199 1193 intendebat,
1217 1127 1318 1180 necilli
1339 1127 1535 1193 cousentlebut,
1556 1138 1601 1181 aut
1618 1127 1794 1182 commissum

975 1211 1151 1276 ratihabebat,
1165 1222 1277 1266 attamen
1302 1229 1334 1265 ex
1357 1210 1474 1264 admisso
1492 1210 1601 1264 alterius
1616 1227 1714 1280 poenee
1733 1224 1794 1263 rens

974 1291 1015 1350 fit.
1033 1295 1170 1364 Contingit
1189 1297 1238 1348 buc
1255 1283 1292 1350 ea¹
1307 1298 1382 1368 culpa
1401 1297 1428 1349 iu
1446 1293 1567 1364 eligenda
1581 1291 1683 1347 lamilia
1695 1293 1793 1348 eundu-

975 1379 1051 1432 ctltia
1070 1383 1151 1444 (nam
1171 1379 1198 1432 iu
1218 1381 1299 1433 sessis
1318 1381 1498 1433 Romanorum
1517 1377 1589 1432 aliud
1601 1377 1730 1444 obtinere,
1744 1393 1794 1432 nee

976 1465 1044 1516 ultra
1056 1479 1141 1518 noxae
1153 1463 1321 1518 deditionem
1345 1463 1469 1518 dominos
1492 1461 1620 1532 obligari,
1641 1463 1694 1530 lam
1715 1480 1794 1536 snpra

975 1547 1126 1618 expositum
1145 1557 1186 1602 est
1203 1565 1225 1602 e·
1244 1549 1269 1602 Ἃ.
1287 1567 1315 1600 η.
1335 1548 1380 1600 11.
1390 1547 1478 1618 seqq.)
1491 1547 1640 1600 conmissa:
1659 1545 1794 1602 debuisset
1811 1544 1847 1599 'll
1884 1575 1888 1582 ·

974 1633 1046 1687 enim
1066 1633 1201 1704 inquirere
1211 1633 1240 1686 iu
1259 1632 1377 1687 iamlliae
1395 1648 1489 1696 mores,
1501 1641 1527 1686 et
1540 1633 1562 1687 si
1577 1632 1624 1685 hos
1637 1632 1794 1688 anctoritate

976 1733 1020 1770 sua
1038 1731 1203 1786 compescere
1219 1715 1292 1786 potis
1311 1731 1364 1769 nou
1383 1723 1464 1781 esset,
1482 1715 1614 1786 erpellere
1633 1714 1738 1769 eosdem
1756 1727 1793 1770 ts·

975 1800 1093 1864 celatim
1114 1801 1164 1855 hcc
1180 1819 1242 1870 ergo
1260 1800 1284 1852 si
1302 1800 1433 1864 omiserit,
1451 1798 1618 1869 imputantur
1636 1800 1690 1870 ipsi
1715 1797 1793 1852 iami-

974 1885 1026 1938 liae
1044 1885 1147 1939 delicta.
1161 1885 1287 1954 Exempla
1306 1884 1382 1952 hujus
1400 1883 1439 1936 rei
1458 1885 1530 1936 saria
1549 1881 1653 1936 edsunt.
1674 1883 1719 1938 Sir
1733 1901 1792 1938 cana
1812 1887 1847 1942 'lli

975 1985 1008 2036 po
1025 1967 1060 2020 ob
1079 1965 1176 2021 lurtum
1195 1987 1209 2020 a
1229 1967 1330 2020 familie
1349 1965 1416 2038 ipsis
1431 1963 1541 2020 adrenls
1559 1964 1653 2020 laetum
1674 1975 1791 2034 tenetur,

975 2049 1048 2116 rdeu,
1067 2050 1140 2105 ulad
1157 2051 1266 2122 duplum
1285 2049 1421 2105 conveniri
1440 2049 1534 2120 possit,
1551 2050 1620 2121 qnod
1640 2067 1713 2106 serus
1732 2063 1792 2120 est,

975 2135 996 2184 si
1016 2136 1079 2204 quid
1099 2154 1112 2187 a
1131 2134 1276 2188 viatoribus
1293 2135 1371 2187 alteri
1387 2133 1453 2204 quid
1472 2133 1503 2186 iu
1527 2133 1675 2189 diversorio
1692 2137 1794 2190 subtra-

976 2217 1060 2272 batur.
1082 2219 1159 2273 Ratio
1178 2219 1340 2274 diversitatis
1358 2229 1398 2272 est
1417 2215 1566 2283 manilesta,
1578 2219 1638 2290 quta
1653 2219 1682 2272 iu
1697 2219 1793 2275 delicto
1811 2223 1848 2280 76

976 2301 1095 2358 familiae
1109 2303 1292 2375 imputandum
1306 2302 1422 2367 domino,
1441 2302 1510 2374 qnod
1530 2301 1558 2355 ln
1577 2319 1663 2356 mores
1676 2300 1793 2356 familiae

977 2402 1030 2439 uun
1049 2389 1198 2442 accuratius
1217 2388 1395 2460 inquisiverit,
1412 2389 1451 2441 rel
1473 2387 1536 2440 tales
1550 2387 1709 2440 concluserit
1727 2390 1743 2441 l.
1765 2391 1792 2442 7.

976 2472 997 2537 ς
1018 2471 1043 2522 l.
1053 2469 1093 2539 ff
1112 2482 1188 2526 nont.
1206 2489 1283 2543 eunp·
1302 2481 1328 2526 et
1344 2472 1412 2526 stud.
1438 2473 1510 2524 llere
1528 2486 1603 2524 causa
1628 2483 1729 2526 autem·
1742 2475 1795 2528 im·

977 2559 1122 2626 putationis
1141 2568 1225 2612 cessat
1244 2559 1272 2610 in
1293 2557 1362 2614 laeto
1380 2559 1520 2625 sistorum,
1538 2559 1638 2631 qnippe
1655 2577 1721 2632 qnos
1740 2577 1794 2616 nnn

976 2643 1069 2710 elegit,
1087 2642 1169 2696 etsie
1187 2659 1270 2713 neque
1289 2659 1374 2697 mores
1391 2659 1481 2696 eornm
1500 2645 1640 2714 probarit,
1659 2646 1706 2698 sed
1727 2647 1795 2700 recl-

976 2746 1040 2798 pere
1058 2745 1190 2784 necessum
1210 2729 1336 2782 liubolti.
1356 2747 1402 2783 nn.
1423 2726 1446 2800 S
1465 2729 1513 2782 nlt.
1528 2729 1570 2798 ff.
1585 2732 1661 2801 furt.
1685 2729 1794 2788 advers.

978 2826 1053 2868 nune.
1071 2833 1148 2884 consp.
1166 2815 1235 2870 stoi.
1254 2825 1278 2868 et
1296 2812 1336 2868 sie
1348 2812 1448 2884 pariter
1460 2813 1636 2868 habitaturum
1650 2817 1726 2886 eulpa
1739 2818 1793 2888 ipsi

977 2899 1133 2968 imputatur,
1151 2899 1213 2969 quie
1232 2897 1281 2952 bos
1298 2899 1386 2967 elegit.
1405 2896 1431 2951 d·
1451 2905 1473 2962 ς.
1493 2898 1543 2953 ult.
1559 2899 1636 2953 Unde
1649 2903 1792 2956 moseliud
1812 2905 1849 2956 77

976 2983 1123 3052 exemplum
1144 2982 1264 3037 resistit
1290 2984 1318 3036 in
1343 2982 1401 3046 lais,
1420 2999 1486 3053 quae
1506 3000 1539 3036 ex
1558 2983 1668 3038 aedibus
1685 2987 1796 3056 alicuine

975 3061 1056 3118 effusa
1074 3066 1114 3118 sel
1133 3063 1231 3136 dejecta
1250 3077 1308 3120 snut
1326 3067 1360 3120 ab
1379 3067 1528 3138 inquilinis,
1548 3065 1597 3121 linc
1610 3068 1682 3121 enim
1698 3070 1727 3122 iu
1740 3081 1798 3126 ten·

979 3159 1034 3202 tum
1054 3151 1201 3222 imputatur
1218 3152 1329 3207 dominu
1346 3149 1463 3215 aedium,
1482 3161 1509 3205 ut
1521 3150 1645 3204 damnum
1664 3154 1749 3222 passis
1766 3155 1795 3207 iu

977 3231 1085 3306 duplum
1109 3235 1250 3305 obligetur.
1272 3238 1291 3290 l,
1318 3239 1345 3290 l.
1360 3253 1404 3306 pr.
1410 3235 1452 3306 ᾖ
1471 3237 1504 3290 de
1521 3235 1564 3288 nte
1580 3237 1628 3306 qui
1644 3235 1726 3306 effusi.
1751 3241 1798 3294 nel

977 3317 1059 3391 dejec-
1077 3315 1100 3390 5.
1120 3321 1144 3372 1.
1163 3322 1226 3373 inst.
1245 3318 1277 3374 de
1295 3320 1349 3373 obl.
1367 3322 1536 3392 querquera·
1551 3337 1590 3375 er
1608 3319 1659 3374 del.
1677 3323 1794 3378 Ulterlns
1812 3323 1850 3376 78

977 3405 1000 3454 si
1020 3402 1151 3472 delinquit
1163 3403 1296 3474 publicani
1314 3419 1412 3470 sersus;
1432 3405 1460 3457 iu
1474 3421 1503 3458 ea
1516 3403 1617 3460 familia
1629 3405 1796 3473 constitutus,

976 3501 1043 3554 quae
1059 3486 1164 3555 publico
1182 3488 1299 3556 sectiqali
1320 3488 1463 3550 ministret,
1483 3487 1626 3560 publicano
1644 3489 1792 3560 imputatur

978 3568 1104 3623 delictum
1125 3569 1144 3622 l.
1163 3573 1190 3622 l.
1206 3587 1247 3638 pr.
1255 3568 1297 3638 ff
1315 3569 1349 3624 de
1363 3571 1500 3641 pul-lubun.
1521 3571 1598 3627 llutiu
1616 3581 1666 3637 est,
1685 3573 1713 3626 s'n
1731 3576 1749 3629 l.
1769 3578 1795 3631 3.
1813 3575 1849 3629 79

978 3671 1022 3725 pr.
1031 3651 1072 3721 ffi
1092 3652 1118 3706 d.
1136 3665 1155 3705 s.
1173 3654 1265 3708 debuit
1284 3657 1356 3709 euim
1377 3657 1459 3710 bonos
1478 3672 1566 3710 sersus
1583 3658 1617 3710 aul
1642 3657 1702 3710 ltoc·
1714 3659 1798 3712 mini-

979 3737 1087 3791 sterium
1105 3737 1217 3805 eligere,
1244 3757 1303 3792 cnm
1321 3755 1426 3812 semper
1442 3741 1534 3812 culpus
1551 3753 1735 3810 accensentur,
1755 3763 1797 3798 ne

978 3821 1122 3888 pligentem
1142 3821 1170 3874 lu
1187 3820 1316 3893 eligendis
1334 3824 1494 3878 ministeriis
1506 3841 1564 3879 esse
1582 3825 1599 3878 l.
1619 3827 1697 3894 215.
1713 3827 1737 3878 9.
1749 3824 1793 3896 ff.

980 3903 1142 3974 adloquii.

1015 3987 1083 4042 Dum
1097 4005 1158 4044 reru
1169 3998 1274 4045 eatenus
1294 4000 1395 4046 tautum
1408 3993 1436 4048 in
1449 3996 1523 4066 eulpa
1537 4007 1577 4052 est
1586 3996 1718 4065 dominns,
1730 4019 1792 4074 qun·
1814 4007 1851 4059 80

977 4087 1054 4130 torus
1068 4074 1180 4145 aliquem
1200 4075 1351 4131 ministeriu
1374 4095 1421 4132 suo
1445 4079 1569 4147 adhibet,
1595 4083 1795 4155 lude'regnlem

979 4157 1093 4212 icrmant
1105 4159 1149 4212 dd.
1168 4161 1246 4214 toties
1257 4161 1383 4216 delictum
1405 4161 1562 4218 famulorum
1582 4171 1622 4222 rel
1641 4171 1797 4226 ancillarum

979 4245 1101 4314 impntusi
1115 4245 1242 4308 dominis,
1255 4247 1361 4315 quoties
1373 4245 1443 4300 eirea
1461 4245 1582 4306 officium
1596 4251 1648 4304 sibi
1671 4257 1798 4308 commis·

977 4345 1034 4383 suin
1048 4327 1213 4398 delinquunt.
1225 4345 1248 4382 e.
1261 4343 1285 4397 q.
1307 4329 1329 4382 si
1349 4327 1461 4384 lannoius
1481 4328 1638 4387 iornicerius
1656 4335 1687 4386 ad
1707 4336 1796 4393 iurna-

977 4431 1034 4466 cem
1046 4413 1231 4477 obdormierit,
1243 4421 1270 4468 et
1283 4413 1332 4466 bac
1344 4413 1447 4468 ratione
1458 4415 1541 4469 sicini
1556 4416 1617 4469 silla
1636 4431 1722 4474 exusta
1743 4419 1797 4474 lue·

978 4498 1031 4561 rit,
1050 4495 1183 4566 obligetur
1201 4495 1326 4551 dominus
1344 4497 1376 4550 nt
1395 4497 1569 4569 reparandum
1589 4499 1714 4556 damnum
1732 4503 1758 4556 d.
1778 4504 1795 4557 l.

978 4583 1021 4634 rt.
1034 4577 1059 4651 S.
1071 4579 1141 4650 Μ.
1156 4581 1195 4634 ed
1203 4581 1222 4632 l.
1244 4581 1328 4652 uqnil.
1349 4581 1379 4635 Si
1398 4583 1459 4651 quis
1473 4599 1620 4638 mensorem
1635 4586 1793 4656 imperitum

977 4665 1097 4734 elegerit,
1112 4666 1169 4735 ipse
1181 4665 1282 4734 eligens
1303 4674 1442 4736 eapropter
1467 4677 1571 4722 tenetur
1594 4671 1613 4723 l.
1642 4673 1667 4722 l.
1687 4677 1709 4734 ς.
1727 4672 1797 4727 duee

979 4749 1095 4819 uotioff·
1107 4747 1133 4802 si
1143 4747 1334 4818 mensunfuir.
1348 4749 1419 4802 mod.
1440 4751 1480 4803 lie
1494 4751 1628 4820 publicani
1647 4767 1724 4806 sessu
1741 4756 1793 4824 jare
1813 4739 1848 4804 st

978 4835 1092 4899 dietum,
1105 4836 1130 4887 ai
1140 4832 1172 4886 ad
1187 4832 1367 4886 ministerium
1386 4833 1521 4905 uectigalis
1539 4834 1622 4890 inerit
1640 4837 1799 4895 destinatus.

978 4917 1013 4970 Et
1029 4915 1093 4970 inde
1111 4920 1265 4986 magistrum
1280 4927 1409 4986 posterum
1433 4935 1467 4972 ex
1491 4919 1560 4975 iectu
1584 4923 1661 4975 illius
1681 4923 1800 4992 scribae,

978 5014 1055 5070 quem
1068 4997 1211 5050 destinarit
1223 4997 1375 5052 ministerio
1389 5009 1542 5070 portarum,
1566 5005 1665 5076 pariter
1683 5007 1798 5077 obligari

977 5092 1078 5134 eertum
1092 5090 1138 5145 est,
1150 5079 1219 5134 sieut
1234 5084 1368 5136 exercitur
1382 5093 1486 5138 tenetur
1498 5103 1530 5138 es
1543 5085 1615 5141 iacto
1629 5090 1749 5158 magistri
1768 5101 1795 5144 et

978 5163 1177 5232 sub-magistri,
1196 5161 1228 5215 de
1245 5183 1298 5236 quo
1317 5183 1394 5236 supra
1417 5185 1474 5237 oep.
1493 5170 1517 5222 8.
1537 5169 1647 5223 dicturo.
1662 5172 1702 5225 lle
1720 5189 1795 5226 serso
1815 5177 1851 5230 8¹

978 5245 1129 5312 stabulario,
1143 5247 1171 5299 iu
1184 5245 1288 5300 stabulo
1304 5248 1394 5318 ignem
1409 5251 1577 5322 negligentur
1591 5261 1737 5320 tractante,
1755 5272 1797 5309 ea·

979 5331 1039 5384 dem
1052 5330 1152 5384 derisio
1163 5340 1268 5401 estarg.
1286 5334 1304 5386 l.
1324 5335 1367 5388 st.
1386 5341 1408 5398 ς.
1429 5335 1521 5406 11·ffi
1533 5335 1573 5392 ud
1589 5339 1606 5389 l.
1620 5339 1703 5410 nquit.
1724 5340 1798 5409 Quae

977 5415 1067 5471 omnia
1084 5415 1139 5470 suls
1165 5418 1383 5487 ampliaticuibus
1404 5431 1431 5474 et
1455 5421 1659 5478 limitationibus
1684 5424 1797 5476 ulterius

974 5498 1142 5569 persequitur
1154 5500 1214 5554 tot.
1229 5501 1323 5555 Herm.
1338 5502 1421 5556 Statu.
1434 5503 1468 5558 de
1480 5507 1568 5563 serris.
1580 5507 1719 5576 personui·
1738 5507 1757 5558 l.
1769 5507 1795 5560 2.

978 5600 1038 5651 rep.
1055 5585 1097 5638 tt.
1109 5583 1164 5639 llus
1176 5585 1228 5638 duo
1246 5586 1309 5640 baeu
1328 5590 1470 5660 prseuipue
1488 5603 1621 5655 nutemusr
1633 5609 1686 5646 uon
1704 5603 1792 5646 exten·
1813 5601 1851 5654 88

978 5669 1091 5726 desdam
1104 5683 1161 5726 esse
1176 5670 1250 5728 ittam
1261 5669 1353 5728 delicti
1364 5672 1565 5746 imputationem
1581 5677 1649 5733 ultra
1668 5676 1712 5746 id,
1729 5679 1798 5753 qnod
