4436 6222
168 261 173 272 ·
240 259 326 318 ιη·
450 267 455 276 ’
598 241 641 270 “·
692 256 1100 327 neronua,nrrucru,
1119 255 1378 317 coontmsme.
1777 253 1832 312 tta

183 351 207 412 ‘sl
221 355 338 408 notarim
356 352 494 427 seripserit
511 351 701 425 obligationem
721 353 860 420 mulieris,
885 371 936 426 pro
954 356 1006 409 atio
1060 351 1131 408 euit:
1151 353 1232 405 multe
1249 353 1358 423 quidem
1375 349 1475 406 omissa
1495 367 1571 419 esse,
1582 365 1649 421 qnae
1662 347 1717 406 diei
1732 347 1892 420 debuerant,

184 457 244 492 mam
258 439 381 491 clausule:
393 441 567 493 renunciavit
578 449 604 494 et
617 439 802 508 eaeterequta
815 438 901 494 bretis
914 440 1011 492 locutio
1059 437 1193 508 multaque
1210 437 1358 490 accusatius
1375 437 1531 492 elaboranda
1552 435 1633 490 inisse
1641 473 1651 501 ,
1664 453 1731 506 qnae
1745 437 1833 491 minus
1845 456 1891 492 se·

185 541 241 578 non
261 533 346 594 potest
371 523 422 578 ista
446 518 574 578 masnata
592 533 618 578 et
635 523 839 577 certiorationet
864 525 1007 578 eontinere.
1059 531 1152 578 aurate
1181 524 1347 588 dictasunt,
1367 541 1421 578 aon
1447 521 1579 588 diffiteor,
1607 522 1655 576 sed
1675 533 1749 576 tuum
1770 523 1823 576 erit
1842 539 1892 594 pro

186 603 298 660 Barbas.
316 606 363 662 eit.
381 608 400 660 l.
412 625 440 662 n.
456 609 499 660 18.
519 607 658 678 Quomodo
668 607 835 662 Medieorttrn
847 627 915 674 nna,
929 621 953 664 et
965 627 1012 662 no·
1061 607 1177 662 caudore
1200 616 1229 661 et
1247 607 1412 664 humanitate
1429 609 1462 662 de
1481 607 1554 662 loeta
1572 603 1792 680 deproperant,
1812 617 1840 660 et
1856 609 1892 662 nb

187 695 314 747 tariornm
327 703 355 747 et
365 705 472 750 caetera
487 696 542 748 sint
556 691 666 763 periculi
679 694 767 763 piena,
780 693 1012 764 sid.l’artb.l.itig.
1062 693 1113 746 alie
1132 691 1236 762 negotia
1255 694 1359 764 saepius
1378 695 1498 766 perplexi
1517 693 1628 757 calami,
1647 693 1777 758 indicaret
1792 709 1891 748 errare

131 773 632 847 881i6e2eap...qnomodoreroin
645 775 836 841 uettesueetre,
847 779 1014 832 aoottaCasi·
1060 780 1225 843 numanum,
1244 777 1505 845 irreprebensibilem
1539 794 1602 832 sera
1620 777 1826 832 dieinaesalius
1837 795 1893 832 esse

187 861 286 912 misum
300 875 388 929 regem
403 861 631 931 Potoniaeapsste
645 862 837 926 Sameramin
849 877 1015 936 proruptura
1062 864 1240 920 constantiae.
1257 864 1319 917 'sitsi
1340 865 1446 918 interim
1464 881 1566 918 summe
1585 865 1657 918 Dens
1675 879 1725 934 pro
1744 861 1836 917 «lirina
1849 879 1894 918 as·

187 941 263 1014 pasis
281 943 351 998 inter
369 945 469 1015 reliqua
487 944 642 1014 allegatum,
656 943 727 1016 quod
739 951 1016 1020 eentsaexprsssain-
1066 949 1201 1015 sistentia,
1220 949 1382 1003 humillimas
1398 949 1497 1020 gratiss
1517 945 1600 1000 lando
1616 957 1643 1001 et
1660 962 1751 1001 amnes
1769 946 1889 1000 sationes

188 1033 323 1086 ductarum
342 1045 434 1106 parte,
451 1034 604 1087 soeaiaulnm
623 1044 650 1087 et
665 1044 774 1090 eastern
789 1034 817 1086 in
829 1037 910 1105 regiis
922 1037 1015 1092 utrius·
1069 1047 1153 1097 nasas,
1170 1049 1221 1102 qna
1240 1051 1287 1102 par
1318 1043 1358 1086 est
1385 1032 1470 1086 animi
1499 1030 1636 1084 devotione
1669 1027 1843 1094 commenda,
1862 1037 1894 1082 ut

187 1133 239 1187 qne
256 1115 342 1189 partis
358 1117 444 1172 titulis
456 1117 584 1172 omissum
611 1130 698 1186 esset,
714 1119 769 1176 siti.
789 1118 895 1174 Besott.
912 1122 942 1176 in
959 1122 1016 1178 tire·
1068 1123 1156 1184 tereti
1173 1117 1201 1168 in
1221 1115 1309 1192 magni
1329 1117 1367 1170 tui
1386 1115 1504 1171 nominis
1527 1114 1658 1185 glorians,
1684 1123 1737 1170 teta
1762 1113 1815 1170 tlte
1834 1125 1892 1172 neta

189 1219 266 1258 saur.
275 1214 362 1272 praet.
377 1203 449 1258 aeri.
467 1213 494 1256 et
506 1213 623 1256 camera.
1070 1207 1098 1256 ei
1115 1198 1243 1272 ejusdem.

134 1295 173 1350 sp
227 1285 261 1340 Et
283 1286 346 1340 haee
363 1297 425 1341 sunt
443 1288 468 1340 b.
487 1288 506 1339 1.
523 1303 589 1357 qnae
614 1283 648 1340 de
672 1286 722 1341 bae
753 1275 841 1356 utili'‚·
863 1301 912 1340 nea
929 1287 1018 1342 minus

190 1367 334 1445 frequenti,
351 1372 469 1446 satisque
485 1371 668 1426 sommendata
686 1372 808 1440 materia,
825 1372 1019 1443 nonpermali·
1389 1367 1411 1421 tt
1430 1368 1444 1422 1
1461 1366 1486 1423 tt
1505 1369 1518 1422 1
1539 1367 1567 1423 S.

552 1613 1132 1724 ⁸ntsattrnrto
1188 1611 1526 1692 nnntnta

428 1817 560 1935 ibib
614 1819 977 1938 nanto
1038 1812 1646 1966 bunnensis.

716 2068 771 2112 mn
793 2067 960 2112 §Emsslis
984 2065 1013 2110 Α·
1036 2068 1070 2111 Ι.
1095 2067 1122 2110 S·
1146 2064 1344 2109 imum·

844 2249 1233 2296 ΒΗΜΗΗΗ

644 2403 917 2474 LAURENTIO
940 2401 1078 2474 Hdllli.
1101 2397 1446 2470 neta-saxone,

757 2669 1315 2720 ψ

829 2897 1250 2968 PRAEFAMEN.

198 3113 382 3252 Indubiae
405 3182 552 3253 veritatis
574 3191 732 3250 essentum
756 3198 805 3248 est
826 3179 912 3248 illud
936 3177 1131 3246 Iustiniani
1152 3177 1191 3246 in
1214 3177 1239 3246 l.
1262 3179 1446 3252 sensimus.
1458 3185 1529 3275 fin.
1553 3206 1583 3250 e.
1604 3185 1645 3248 in
1666 3177 1759 3272 quib.
1788 3202 1881 3247 eous.

196 3274 233 3336 iu
249 3275 312 3341 int.
329 3279 435 3344 restit.
453 3294 516 3341 nec
531 3287 679 3342 nonest.
690 3271 820 3342 Melius
835 3287 885 3340 est
900 3275 1035 3340 intaeta
1042 3271 1129 3361 jura
1141 3289 1286 3356 servare,
1302 3295 1404 3362 quam
1417 3292 1495 3363 pust
1511 3273 1725 3342 vulneratam
1739 3293 1882 3338 eausam

198 3363 383 3521 remedp'um
407 3389 577 3455 quaerere.
603 3367 661 3431 Uti
684 3365 775 3434 enim
799 3365 835 3432 in
859 3386 979 3456 genere
1002 3362 1039 3428 iu
1063 3361 1162 3430 rebus
1184 3361 1341 3430 humenis
1363 3383 1457 3433 cente
1479 3362 1718 3434 observandum
1742 3375 1793 3430 eat
1820 3361 1881 3430 tri·

205 3464 276 3522 tum
302 3457 404 3522 ilud:

241 3525 426 3638 Principiis
448 3547 558 3634 obstat
581 3569 653 3614 sero
676 3543 840 3614 medicina
865 3553 1012 3636 paratur.

194 3635 240 3702 ite
271 3635 325 3703 rel
346 3637 491 3704 maxime
514 3637 601 3706 idem
624 3637 753 3704 obtinet
777 3638 814 3703 in
840 3640 914 3726 jure
939 3645 1061 3701 nostro.
1085 3631 1314 3725 Vigilantibus
1337 3633 1427 3703 enim
1449 3635 1511 3704 boe
1533 3637 1693 3731 seriptum
1716 3659 1803 3718 esse,
1827 3653 1882 3698 ex·

195 3749 305 3817 presse
328 3737 466 3794 testatur
484 3726 514 3794 l.
540 3729 593 3818 ai.
614 3733 656 3794 in
666 3730 704 3814 f.
714 3729 760 3818 ff.
783 3749 872 3819 patae
896 3727 935 3792 in
945 3726 1005 3810 fr.
1028 3749 1075 3793 er.
1086 3723 1188 3814 suet.
1214 3724 1313 3791 Unde
1346 3727 1448 3794 simul
1478 3739 1584 3816 patet,
1607 3727 1692 3795 mele
1715 3725 1779 3794 sibi
1803 3745 1882 3792 oon·

193 3815 301 3884 sulere
317 3815 405 3902 illos,
421 3817 482 3908 qni
500 3841 566 3886 uon
583 3843 634 3886 res
657 3839 735 3885 suas
757 3829 861 3886 sertas
876 3831 1047 3906 rectasque
1055 3814 1174 3906 primis
1190 3813 1299 3882 initiis
1313 3837 1444 3886 serrare
1459 3815 1669 3900 didicerunt,
1683 3815 1742 3884 sed
1758 3813 1879 3884 iisdem

196 3905 334 3974 demum
355 3907 391 3972 in
406 3905 554 3975 deterius
568 3907 654 3999 lepis
677 3907 789 3998 legum
810 3917 968 3996 exoptent
989 3903 1167 3972 auxilium.
1192 3903 1258 3972 vix
1283 3907 1376 3974 enim
1399 3907 1492 3975 eliud
1526 3907 1634 3976 serent
1664 3927 1881 3998 responsum,

222 4019 298 4064 nam
322 3995 412 4089 quod
436 3999 577 4065 incautis
600 3999 681 4065 olim
707 3995 968 4090 negotiatoribus
991 3994 1157 4063 dederunt
1178 3995 1248 4064 diri
1280 3995 1398 4066 iratres
1420 3999 1458 4066 in
1480 3997 1505 4064 l.
1529 3995 1699 4068 incivilem
1725 4021 1757 4062 a.
1779 4021 1811 4064 e.
1833 3993 1880 4062 de

181 4019 313 4178 Juniis.
337 4101 455 4155 curate
477 4092 613 4156 cautius
636 4091 831 4180 negotiari,
854 4109 899 4153 ne
923 4087 960 4152 in
983 4085 1112 4155 damna
1137 4084 1333 4180 hujusmodi
1354 4087 1532 4158 incidatis.
1555 4087 1684 4158 Verum
1707 4110 1812 4178 quum
1828 4109 1880 4154 se·

194 4175 343 4245 eundum
364 4178 655 4268 sapientissimum
684 4177 802 4246 Senes.
827 4178 854 4246 l.
879 4177 923 4244 de
949 4180 1009 4246 ira
1034 4175 1089 4264 24.
1115 4203 1212 4246 nemo
1236 4182 1282 4248 sit
1303 4195 1376 4248 tum
1398 4185 1678 4272 circumspectus,
1693 4178 1791 4282 cassus
1806 4199 1879 4246 non

194 4267 373 4360 diligentia
388 4269 577 4362 aliquando
601 4269 758 4360 sibiipsi
780 4267 944 4355 excidut3
969 4279 1135 4358 praeterea
1161 4271 1260 4337 etiam
1284 4293 1322 4338 ea
1345 4272 1389 4338 sit
1413 4273 1622 4364 negotiorum
1647 4267 1800 4338 oiriltum
1826 4269 1877 4334 in-

192 4357 283 4426 doles
305 4371 339 4426 et
362 4371 430 4426 tam
452 4360 540 4426 ambi
566 4385 605 4428 ua
629 4384 725 4451 saepe
746 4382 917 4428 cansarum
943 4357 1024 4440 late,
1048 4371 1087 4424 ut
1111 4379 1178 4424 nen
1202 4359 1299 4428 liceat
1321 4385 1450 4452 semper
1473 4363 1599 4429 enitere
1622 4358 1761 4436 damna,
1786 4381 1875 4450 quae

192 4449 290 4517 nobis
312 4461 449 4538 possunt
470 4385 635 4537 aecidere3
672 4451 870 4543 aequissime
900 4451 1027 4516 ratione
1050 4449 1219 4540 provisum
1242 4467 1290 4518 est
1318 4452 1355 4518 in
1385 4457 1457 4543 jure
1489 4469 1621 4532 nostro,
1652 4465 1691 4515 ut
1721 4445 1877 4538 plurimis

195 4542 232 4606 in
249 4539 345 4607 laesis
366 4540 470 4608 causis
494 4539 579 4609 laeso
601 4541 690 4608 salsa
714 4557 845 4628 maneat
867 4539 952 4606 aetio
974 4539 1227 4620 neutralium,
1243 4565 1260 4606 a
1277 4563 1348 4634 quo
1362 4541 1523 4608 damnem
1539 4539 1677 4607 aliunde
1691 4535 1876 4605 obveniens

196 4629 379 4737 plurimum
402 4629 542 4698 deduxit
563 4643 687 4714 ortum,
735 4656 809 4699 uam
834 4652 1010 4722 regressus
1034 4627 1193 4698 vocabulo
1216 4631 1305 4724 leges
1327 4630 1520 4724 indigitant.
1540 4631 1669 4700 Thema
1687 4627 1751 4695 boe
1766 4651 1874 4721 quum

197 4721 319 4812 ansigni
343 4743 378 4787 ee
400 4720 543 4788 utilitate
564 4657 769 4792 commendet
792 4723 828 4788 in
851 4719 940 4806 soro,
964 4742 1032 4786 non
1060 4717 1239 4811 indignum
1268 4723 1377 4788 risum
1409 4733 1474 4803 est,
1508 4719 1598 4816 quod
1628 4719 1876 4789 dissertatione

196 4809 262 4878 bue
283 4811 487 4900 inaugurali
517 4835 734 4904 exponerem,
754 4825 787 4878 et
809 4811 944 4879 solemni
968 4809 1178 4877 eruditorum
1202 4812 1432 4879 submitterem
1447 4812 1607 4880 examini.
1624 4812 1698 4879 lion
1714 4807 1874 4902 equidem

196 4922 299 4992 nego,
322 4903 459 4992 sparsim
485 4904 655 4970 materiam
679 4903 762 4971 hano
777 4899 930 4969 exbiberi
944 4901 1014 4968 lere
1029 4900 1072 4966 eb
1087 4901 1262 4984 omnibus,
1278 4901 1446 4970 collectam
1460 4915 1591 4988 temen,
1607 4913 1772 4996 quantum
1788 4897 1875 4966 milri

195 5001 334 5072 annotat,
358 4990 508 5059 insanies
531 4992 669 5060 natllibi.
694 4991 760 5060 Sed
784 5015 844 5058 neo
867 4988 1109 5074 teoctistum,
1133 4989 1314 5061 desiderari
1338 4992 1392 5060 hic
1415 5015 1507 5086 posse
1530 4991 1801 5086 quamplurima3
1817 5011 1874 5056 ve·

192 5103 286 5162 rum,
304 5105 416 5174 quum
440 5103 508 5148 non
527 5094 704 5152 tractatam
728 5081 882 5149 numerio
900 5081 1054 5149 omnibus
1069 5079 1274 5168 absolutum,
1290 5083 1345 5151 sed
1360 5085 1473 5152 saltem
1492 5080 1686 5175 disputandi
1701 5077 1873 5148 materiam

187 5169 352 5240 exhihere
368 5170 499 5240 enimus
517 5171 643 5257 luerit,
666 5197 704 5242 su
731 5170 835 5264 plebit
858 5193 897 5238 ea
917 5171 1103 5240 humanitas
1124 5171 1255 5242 lectoris
1270 5173 1444 5256 benevoli,
1460 5175 1771 5264 reputantissecum
1787 5167 1874 5236 illud

191 5257 351 5329 -Seneaae
370 5283 479 5350 supra
503 5261 664 5346 luridati,¹
689 5197 731 5332 Ji
744 5264 789 5332 de
809 5265 873 5331 ira
901 5285 913 5328 t
945 5309 954 5327 .
983 5261 1064 5329 Non
1088 5279 1143 5331 est
1172 5265 1358 5357 prudenti,
1389 5281 1527 5335 orantes
1560 5263 1689 5344 odisse,
1720 5259 1874 5350 alioquin

190 5349 261 5440 ipsi
287 5350 357 5420 eibi
380 5351 460 5418 odio
485 5354 558 5419 erit.
583 5353 636 5422 De
652 5365 785 5423 ooetero
808 5372 994 5434 summum,
1018 5353 1107 5446 quod
1131 5373 1247 5422 cuncta
1277 5355 1482 5443 moderetur,
1516 5377 1644 5426 numen
1672 5351 1872 5424 humillimis

186 5441 338 5512 obtestor
359 5441 536 5535 precibus,
559 5456 598 5512 ut
620 5444 708 5515 bisce
738 5443 909 5515 laboribus
932 5441 1086 5515 adsistere
1109 5445 1190 5514 velit
1212 5447 1462 5540 benignissime.

288 5737 297 5746 .
405 5669 515 5772 ..aista
536 5699 599 5758 rot.
621 5703 669 5761 rs.
